2470 4360
236 252 407 354 cvnsv
432 199 828 354 mnemonico,
890 253 1003 376 ‘5⁸1'
1034 269 1063 350 ⁴.
1108 255 1163 400 J'

1 483 112 540 vero
132 458 274 554 ratione
288 457 349 536 Te
369 455 552 539 monitum
566 443 685 551 volo}
706 481 787 535 non
806 437 1004 538 sellionem

0 558 204 650 sufficere,
230 555 293 636 sed
307 583 399 660 quae
412 555 500 635 leela
514 557 595 636 sunt
614 559 743 638 acriori
765 559 1004 638 meditatione

12 659 306 744 onfideranda,
331 658 594 762 expendenda,
617 680 656 736 et
671 663 795 737 animo
810 659 849 737 in
872 685 1003 740 omnes
1111 675 1116 686 ‘

46 784 145 839 artes
171 759 341 838 versanda
361 759 444 838 else.
510 761 670 853 Claude,
689 760 865 848 obsecro,
889 762 1001 840 inten-

1 864 113 942 dum
126 861 292 944 diuinum
318 861 571 953 hunclibrum‚
599 884 707 964 atque
722 863 887 978 Tecum,
909 889 1013 964 quo.
1051 901 1057 906 ·
1176 969 1184 982 ,

1 962 145 1043 modo
169 962 306 1041 haustas
324 988 369 1042 ex
397 963 461 1040 illo
497 987 608 1066 opes,
629 965 678 1058 ¹in
705 961 821 1044 sacrae
842 965 999 1044 ciuitatis

2 1061 268 1180 commodum
279 1063 495 1188 impendere
507 1061 645 1170 possis,
676 1063 906 1144 attentissime
926 1067 1002 1144 Te·
1102 1157 1103 1164 Ν

5 1189 111 1244 cum
127 1186 260 1268 cogita.
928 1189 933 1200 ‘

73 1365 218 1471 Accipe
234 1365 336 1445 hunc
353 1366 534 1446 memsam.
587 1369 621 1444 ls
646 1361 735 1444 olim
757 1367 908 1445 honoris
924 1387 1003 1446 tan·
1047 1403 1063 1408 ·
1116 1367 1123 1378 '

7 1491 103 1548 tum
122 1490 211 1546 nota
228 1489 312 1546 eret.
364 1471 451 1546 Nec
470 1468 567 1545 enim
584 1467 756 1546 omnibns
771 1471 886 1546 veteri
909 1495 1002 1548 aevo

71 1569 163 1648 stare
179 1569 316 1653 licebat
328 1567 506 1659 annulos,
531 1567 592 1646 sed
613 1569 696 1646 viris
709 1592 850 1659 tantum
869 1571 1002 1650 nobili-

47 1671 198 1750 usetin
213 1669 584 1774 eminendidignitate
599 1669 732 1772 postis.
769 1671 912 1758 Hodie,
924 1697 1003 1774 qno
1090 1747 1103 1763 ,

4 1771 150 1848 annuli
162 1772 332 1848 omnium
340 1771 475 1872 digitos
483 1795 682 1858 exornant,
707 1771 809 1848 aliam
822 1775 1033 1876 rationem,

9 1870 144 1950 habet.
194 1871 433 1948 Testimonio
446 1895 582 1974 nempe
603 1873 676 1963 est,
710 1869 843 1949 foedus
861 1875 922 1950 Te
944 1899 1002 1951 ae·

6 1995 167 2052 ternum
182 1994 221 2050 et
232 1970 473 2070 indissolubile
488 1997 574 2050 cum
590 1969 737 2050 ecclesia
751 1973 903 2052 meliore
917 1999 1002 2054 eum

1 2074 195 2166 xveritate,
224 2097 307 2151 cum
331 2073 465 2177 pietas!
487 2073 586 2150 inire.
642 2077 762 2176 Leges
783 2075 893 2174 huius·
908 2075 1003 2178 palli

10 2173 203 2276 flagitant,
233 2197 273 2252 vt
298 2197 409 2277 quam
431 2175 565 2279 accipis
585 2172 747 2278 sponsam
771 2201 841 2279 pro
866 2177 1002 2255 viribus

14 2273 221 2360 defendas,
247 2280 400 2367 talearis,
425 2274 570 2370 foueas,
594 2278 749 2364 nutrias,
776 2303 875 2356 ames
890 2299 929 2355 et
939 2301 1000 2355 or·

14 2401 103 2454 nes.
149 2376 258 2454 Fuisti
272 2377 312 2454 id
327 2377 468 2455 adhuc:
498 2379 620 2454 Facies
635 2379 673 2456 in
689 2377 917 2480 posterumsi
933 2379 998 2460 mi-

14 2475 242 2565 nusmaiori,
268 2475 397 2556 eadem
413 2497 515 2554 certe
535 2477 788 2556 concentione.
839 2492 842 2502 “

74 2675 192 2757 Addo
206 2675 368 2780 deniqne
384 2675 564 2758 osculnm:
590 2677 638 2756 Id
650 2677 749 2778 pacis
771 2675 824 2756 est
839 2705 856 2777 p
873 2677 997 2772 culmo,
1027 2684 1031 2706 '

14 2780 189 2884 oprimis
214 2779 385 2860 ecclesiae
407 2778 641 2882 temporibus
668 2779 714 2856 n'd
739 2803 809 2878 nos
833 2777 995 2895 ullum.
1027 2851 1031 2860 .

15 2881 997 3162 l{llfllllll‘lll¹lz“llllllalltlllg

17 3079 62 3162 ha
96 3106 210 3164 ercet
230 3083 418 3164 habituros
437 3083 526 3173 esse,
551 3083 590 3160 in
613 3081 808 3184 collegium
830 3081 996 3160 nostrum

14 3189 204 3288 racipere,
231 3208 270 3264 et
282 3211 376 3289 quae
395 3211 413 3263 a
429 3184 535 3264 nobis
549 3182 735 3288 proficisci
743 3183 905 3288 possunt,
938 3180 996 3260 of·
1055 3279 1058 3296 Ι
1138 3223 1143 3234 ·

20 3285 103 3368 ficia
122 3287 292 3366 lubentes
322 3287 546 3368 exhibituros
566 3285 645 3364 elle.

59 3487 279 3584 Salueiam,
311 3487 472 3593 collega,
503 3485 629 3580 stater,
661 3482 758 3564 socie
779 3479 1009 3587 exoptatilli·=

21 3592 99 3666 me!
127 3612 166 3668 et
188 3590 234 3668 ad
255 3589 402 3671 vltimos
427 3587 536 3693 vsque
556 3589 733 3686 homnae
755 3586 849 3664 vitae
877 3609 994 3662 alanos

23 3683 136 3768 saluus
158 3713 196 3769 et
215 3692 412 3798 incolumis
430 3693 542 3784 hanc,
560 3715 666 3791 quam
685 3685 798 3764 hodie
824 3684 1013 3804 accepisti

21 3791 264 3892 prouinciam,
296 3793 344 3878 sac
358 3817 514 3974 exorabo,
545 3813 585 3869 vt
603 3789 779 3904 plurimos
801 3788 997 3968 victpnpiet

333 3927 359 3998 g
495 3920 528 3971 o
556 3919 579 3988 3
897 3913 922 3967 ο
959 3912 998 3964 o·
