2434 4418
114 2879 118 2892 ·
194 2835 198 2850 '
219 2863 257 2920 et
271 2837 388 2920 sensus

170 265 182 360 ⁴·
209 335 280 415 198
372 267 591 398 otssurtr.
615 315 1020 411 neumarum
1067 255 1072 260 ¹

207 503 273 586 elis
287 501 501 582 sententiam
517 499 565 582 de
579 493 765 580 creatione
785 525 905 582 rerum
920 493 1047 581 souille
1062 497 1187 578 riden-

207 629 276 688 tur.
301 604 451 683 Dudum
463 604 632 706 est,quod
643 604 844 695 constituo,
853 602 1188 706 disputationemo-

206 732 353 796 runem,¹
379 705 707 810 quae'deveterutn
722 706 944 808 populorum
961 691 1188 810 philosophia

115 861 117 868 ,
208 831 247 888 et
267 809 447 910 religione
467 805 651 912 suscipitur
669 807 773 886 valde
793 808 988 900 lubricam,
1013 806 1187 884 incertam

208 927 247 990 et
263 912 458 1012 ancipitem
476 908 556 988 elie.
612 914 673 989 Ne
700 933 747 987 ue
769 910 866 986 enim
889 905 1057 1012 antiquae
1072 906 1188 983 natio-

207 1037 275 1090 nes
291 1011 397 1090 certis
412 1011 570 1113 legibus,
600 935 1189 1091 conleffionibuserformulistol·

208 1113 433 1218 ligabantur,
459 1137 497 1189 vt
514 1111 612 1191 idem
636 1113 807 1192 omnibus
833 1111 1063 1190 sentiendum
1087 1108 1186 1199 effer,

173 1253 174 1258 ¹
236 1213 272 1293 ui
289 1213 438 1292 adscribi
454 1218 492 1290 in
510 1213 693 1292 ciuitatem
704 1213 841 1292 vellent
852 1212 1102 1307 ‚l'edliberum
1118 1231 1186 1289 erat

131 1315 140 1332 '
209 1241 354 1420 lingulis
369 1313 617 1395 sacerdotibus
633 1337 671 1395 et
686 1315 825 1393 ciuibus
840 1339 881 1392 ea
922 1313 1185 1393 robateetan·

236 1419 334 1504 leoli,
350 1418 427 1496 imo
436 1441 649 1522 proponere
663 1439 701 1496 et
713 1415 855 1496 tradere
862 1471 874 1511 ,
887 1339 989 1510 bita,
1013 1427 1108 1517 qube
1120 1437 1185 1492 me·

209 1443 300 1602 liora
310 1519 440 1600 ceteris
457 1543 494 1596 et
507 1519 646 1598 veriora
663 1517 725 1596 fibi
734 1520 962 1612 viderentur,
985 1517 1105 1595 modo
1121 1513 1186 1596 cul-

211 1643 289 1702 tum
314 1623 499 1710 Deorum,
531 1621 591 1724 qui
608 1621 757 1724 ‚legibus
780 1619 933 1698 sancitus
954 1639 1057 1708 erat,
1096 1612 1184 1700 haud

211 1720 355 1828 prorsus
371 1721 600 1824 negligerent
614 1745 653 1800 et
669 1721 944 1801 conturbarent.
972 1727 1025 1798 At
1052 1715 1181 1825 ueiplas

157 1829 169 1837 “
213 1821 450 1904 caerimonias
481 1846 518 1900 et
540 1824 736 1930 religiones
762 1822 925 1930 publicas
946 1747 1103 1925 quilibet
1124 1839 1182 1930 pro

147 1961 149 1966 ·
212 1925 329 2006 lubitu
343 1923 663 2030 interpretabatur,
680 1928 841 2006 'nemine
855 1923 1129 2015 intercedente,
1151 1915 1184 1996 id

149 2064 156 2084 =
212 2025 316 2129 quod
333 2027 654 2106 innumerabilibus
671 2050 834 2106 veterum
851 2026 955 2106 diuis
970 2048 1009 2104 et
1018 2019 1183 2127 exemplis

177 2156 179 2164 l
214 2129 366 2208 constat.
420 2129 522 2206 Hinc
538 2127 616 2206 lieri
637 2129 777 2230 pontit,
817 2151 856 2207 vt
875 2149 934 2206 tot
950 2126 1111 2210 essentin
1125 2143 1187 2199 rna

138 2245 143 2254 ’
241 2253 327 2308 ente
340 2229 557 2330 religiones,
583 2231 917 2333 quotprouinciae‚
944 2229 1186 2332 imoquotvr·

145 2369 147 2376 v
215 2255 301 2421 bes,
332 2353 431 2430 quot
449 2330 600 2432 collegit
623 2330 876 2425 sacerdotum,
908 2325 1181 2434 quothomines

216 2432 398 2536 denique,
425 2432 582 2534 quinon
599 2433 742 2518 alienis,
768 2432 830 2512 sed
845 2431 912 2512 suis
933 2429 1043 2510 oculis
1059 2417 1181 2502 diiudr·

217 2559 299 2614 care
314 2535 507 2626 volebant,
533 2559 624 2636 quae
646 2533 694 2612 de
709 2557 749 2612 re
774 2541 866 2614 lacre
887 2533 1016 2612 sentire
1029 2525 1079 2606 sas
1093 2520 1186 2604 esset.

54 2723 61 2734 ,
124 2686 130 2698 s
172 2667 175 2672 ·
217 2639 302 2715 Nos
318 2659 408 2713 vero
425 2660 471 2711 ex
487 2636 610 2738 paucis
625 2634 837 2740 scriptorum
862 2631 1101 2740 quorumdam
1114 2649 1186 2704 ver·

217 2738 273 2820 bis
289 2737 401 2816 totius
406 2737 769 2915 (glesumquepopuli
783 2736 969 2818 cuiusdam
980 2733 1182 2837 religionem

434 2865 454 2916 e
471 2841 557 2918 Deo
575 2840 816 2922 aestimamus:
842 2838 945 2943 quod
961 2835 1089 2916 vitiose
1101 2823 1183 2942 fieb

218 2941 277 3022 vel
292 2937 362 3046 ipsa
377 2939 576 3035 discordia,
602 2967 694 3049 quae
709 2943 805 3023 inter
820 2939 931 3018 hosce
945 2937 1185 3044 scriptoresvr·

41 3023 45 3034 ¹
146 3109 151 3118 .
220 3065 304 3148 get,
329 3067 401 3124 nos
418 3041 579 3123 edocere
596 3043 727 3144 potest.
775 3041 999 3144 Quodenirn
1018 3035 1190 3122 Persarum

219 3165 259 3226 et
272 3143 542 3248 Aegyptiorum
560 3145 778 3250 religionem
792 3142 938 3246 diuerso
955 3139 1074 3220 modo
1089 3159 1124 3219 et
1142 3155 1191 3246 tl·

218 3245 323 3324 tione
344 3245 483 3366 antiqui
505 3243 672 3328 auclores
693 3269 906 3348 exponunt,
931 3242 990 3331 id,
1017 3268 1106 3322 meo
1121 3255 1190 3346 qul·

222 3343 481 3438 eamindicio,
514 3347 694 3441 declarat,
727 3349 817 3428 nihil
844 3349 933 3426 certi
951 3346 990 3426 in
1011 3345 1193 3448 hisgenn·

221 3445 292 3526 bus
311 3449 358 3526 de
371 3449 571 3556 religione,
598 3447 621 3528 fi
642 3448 775 3532 summa
796 3447 973 3554 quaedam
994 3447 1112 3552 capita
1135 3437 1191 3551 ἃς·

221 3571 313 3656 mas,
341 3549 529 3630 decretum
545 3549 662 3645 fuille,
687 3575 851 3650 nectam
874 3549 1060 3656 publicam
1083 3559 1190 3649 omn}-

221 3674 305 3736 um,
328 3673 435 3751 quant
448 3654 622 3757 priuatam
636 3651 879 3758 quorumdam
895 3651 1113 3758 opinionem
1121 3637 1194 3720 [crt-

222 3773 351 3858 ptores
367 3752 449 3853 illos
466 3755 648 3836 enarralle
696 3755 768 3835 Sed
782 3758 872 3836 haec
887 3753 1049 3858 pluribus
1066 3741 1192 3826 aliolo·

224 3879 272 3932 co
288 3851 545 3936 iamedilierui:
557 3881 658 3966 nunc
670 3853 1196 4027 tritamsequamurritmasffi

625 3971 634 3984 ³
1118 3969 1137 4024 e
