<?xml version="1.0" encoding="UTF-8"?>
<!DOCTYPE html PUBLIC "-//W3C//DTD XHTML 1.0 Transitional//EN"
    "http://www.w3.org/TR/xhtml1/DTD/xhtml1-transitional.dtd">
<html xmlns="http://www.w3.org/1999/xhtml" xml:lang="en" lang="en">
 <head>
  <title>
</title>
<meta http-equiv="Content-Type" content="text/html;charset=utf-8" />
  <meta name='ocr-system' content='tesseract 3.04.00' />
  <meta name='ocr-capabilities' content='ocr_page ocr_carea ocr_par ocr_line ocrx_word'/>
</head>
<body>
  <div class='ocr_page' id='page_1' title='image "./iolavrentiiamos00conggoog_0726.png"; bbox 0 0 2470 4360; ppageno 0'>
   <div class='ocr_carea' id='block_1_1' title="bbox 80 199 1161 374">
    <p class='ocr_par' dir='ltr' id='par_1_1' title="bbox 80 199 1161 374">
     <span class='ocr_line' id='line_1_1' title="bbox 80 199 1161 374; baseline 0.001 -40"><span class='ocrx_word' id='word_1_1' title='bbox 80 201 110 276; x_wconf 58' lang='grc'>·’</span> <span class='ocrx_word' id='word_1_2' title='bbox 157 239 503 374; x_wconf 30' lang='grc' dir='ltr'>,υεοΡτιΜΑ</span> <span class='ocrx_word' id='word_1_3' title='bbox 530 199 820 338; x_wconf 74' lang='lat' dir='ltr'>Acaunum:</span> <span class='ocrx_word' id='word_1_4' title='bbox 926 269 995 354; x_wconf 78' lang='lat'>⁶45</span> <span class='ocrx_word' id='word_1_5' title='bbox 1064 283 1085 316; x_wconf 65' lang='lat' dir='ltr'><em>s</em></span> <span class='ocrx_word' id='word_1_6' title='bbox 1150 207 1161 214; x_wconf 65' lang='grc'><strong>’</strong></span> 
     </span>
    </p>
   </div>
   <div class='ocr_carea' id='block_1_2' title="bbox 1 431 1208 3771">
    <p class='ocr_par' dir='ltr' id='par_1_2' title="bbox 15 431 1138 1457">
     <span class='ocr_line' id='line_1_2' title="bbox 37 431 1137 540; baseline -0.007 -19"><span class='ocrx_word' id='word_1_7' title='bbox 37 435 245 522; x_wconf 83' lang='lat' dir='ltr'>salutiferum</span> <span class='ocrx_word' id='word_1_8' title='bbox 266 457 306 518; x_wconf 89' lang='lat' dir='ltr'>et</span> <span class='ocrx_word' id='word_1_9' title='bbox 324 435 530 516; x_wconf 78' lang='lat' dir='ltr'>Britanniae</span> <span class='ocrx_word' id='word_1_10' title='bbox 553 457 592 516; x_wconf 86' lang='lat' dir='ltr'>et</span> <span class='ocrx_word' id='word_1_11' title='bbox 612 431 797 516; x_wconf 83' lang='lat' dir='ltr'>uniuersae</span> <span class='ocrx_word' id='word_1_12' title='bbox 809 436 998 540; x_wconf 86' lang='lat' dir='ltr'>Europae,</span> <span class='ocrx_word' id='word_1_13' title='bbox 1052 457 1053 460; x_wconf 60' lang='lat'>‘</span> <span class='ocrx_word' id='word_1_14' title='bbox 1120 493 1137 538; x_wconf 68' lang='lat' dir='ltr'>n</span> 
     </span>
     <span class='ocr_line' id='line_1_3' title="bbox 40 535 999 648; baseline -0.004 -28"><span class='ocrx_word' id='word_1_15' title='bbox 40 539 236 648; x_wconf 76' lang='lat' dir='ltr'>gloriaeque</span> <span class='ocrx_word' id='word_1_16' title='bbox 252 535 471 618; x_wconf 75' lang='lat' dir='ltr'>etselicitati</span> <span class='ocrx_word' id='word_1_17' title='bbox 487 539 585 632; x_wconf 80' lang='lat' dir='ltr'>eius,</span> <span class='ocrx_word' id='word_1_18' title='bbox 608 543 716 638; x_wconf 84' lang='lat' dir='ltr'>(nam</span> <span class='ocrx_word' id='word_1_19' title='bbox 733 539 810 616; x_wconf 84' lang='lat' dir='ltr'>ltoc</span> <span class='ocrx_word' id='word_1_20' title='bbox 822 545 932 616; x_wconf 88' lang='lat' dir='ltr'>vn&#39;um</span> <span class='ocrx_word' id='word_1_21' title='bbox 946 537 999 616; x_wconf 90' lang='lat' dir='ltr'>se·</span> 
     </span>
     <span class='ocr_line' id='line_1_4' title="bbox 36 639 1064 744; baseline -0.005 -22"><span class='ocrx_word' id='word_1_22' title='bbox 36 640 266 722; x_wconf 86' lang='lat' dir='ltr'>redeliderati</span> <span class='ocrx_word' id='word_1_23' title='bbox 280 641 447 741; x_wconf 82' lang='lat' dir='ltr'>potest‚)</span> <span class='ocrx_word' id='word_1_24' title='bbox 467 639 646 734; x_wconf 80' lang='lat' dir='ltr'>felicitati,</span> <span class='ocrx_word' id='word_1_25' title='bbox 670 639 839 744; x_wconf 86' lang='lat' dir='ltr'>iuquam,</span> <span class='ocrx_word' id='word_1_26' title='bbox 862 659 902 716; x_wconf 86' lang='lat' dir='ltr'>et</span> <span class='ocrx_word' id='word_1_27' title='bbox 920 639 998 741; x_wconf 84' lang='lat' dir='ltr'>glo·</span> <span class='ocrx_word' id='word_1_28' title='bbox 1061 707 1064 727; x_wconf 77' lang='grc'>,</span> 
     </span>
     <span class='ocr_line' id='line_1_5' title="bbox 38 738 1077 843; baseline -0.004 -21"><span class='ocrx_word' id='word_1_29' title='bbox 38 745 104 822; x_wconf 86' lang='lat' dir='ltr'>riae</span> <span class='ocrx_word' id='word_1_30' title='bbox 125 738 231 843; x_wconf 80' lang='lat' dir='ltr'>Regis</span> <span class='ocrx_word' id='word_1_31' title='bbox 253 742 368 822; x_wconf 86' lang='lat' dir='ltr'>nostri</span> <span class='ocrx_word' id='word_1_32' title='bbox 394 743 633 834; x_wconf 75' lang='lat' dir='ltr'>constantiam</span> <span class='ocrx_word' id='word_1_33' title='bbox 665 763 706 819; x_wconf 89' lang='lat' dir='ltr'>et</span> <span class='ocrx_word' id='word_1_34' title='bbox 725 743 999 822; x_wconf 82' lang='lat' dir='ltr'>diuturnitatem</span> <span class='ocrx_word' id='word_1_35' title='bbox 1056 785 1077 806; x_wconf 79' lang='lat'>·.</span> 
     </span>
     <span class='ocr_line' id='line_1_6' title="bbox 38 837 1138 936; baseline -0.007 -14"><span class='ocrx_word' id='word_1_36' title='bbox 38 843 133 922; x_wconf 89' lang='lat' dir='ltr'>adde.</span> <span class='ocrx_word' id='word_1_37' title='bbox 206 843 312 918; x_wconf 86' lang='lat' dir='ltr'>Serua</span> <span class='ocrx_word' id='word_1_38' title='bbox 335 845 444 921; x_wconf 70' lang='lat' dir='ltr'>nobie</span> <span class='ocrx_word' id='word_1_39' title='bbox 466 844 584 936; x_wconf 74' lang='lat' dir='ltr'>Deus,</span> <span class='ocrx_word' id='word_1_40' title='bbox 611 845 793 922; x_wconf 78' lang='lat' dir='ltr'>Cnaotvn</span> <span class='ocrx_word' id='word_1_41' title='bbox 813 837 1001 936; x_wconf 82' lang='lat' dir='ltr'>nostrum,</span> <span class='ocrx_word' id='word_1_42' title='bbox 1133 907 1138 914; x_wconf 90' lang='lat'><strong><em>.</em></strong></span> 
     </span>
     <span class='ocr_line' id='line_1_7' title="bbox 38 941 1134 1046; baseline -0.005 -21"><span class='ocrx_word' id='word_1_43' title='bbox 38 947 164 1025; x_wconf 90' lang='lat' dir='ltr'>ciuium</span> <span class='ocrx_word' id='word_1_44' title='bbox 189 943 385 1034; x_wconf 87' lang='lat' dir='ltr'>delicium,</span> <span class='ocrx_word' id='word_1_45' title='bbox 429 941 652 1044; x_wconf 79' lang='lat' dir='ltr'>crescentem</span> <span class='ocrx_word' id='word_1_46' title='bbox 680 970 727 1022; x_wconf 90' lang='lat' dir='ltr'>ue</span> <span class='ocrx_word' id='word_1_47' title='bbox 752 945 830 1022; x_wconf 83' lang='lat' dir='ltr'>eius</span> <span class='ocrx_word' id='word_1_48' title='bbox 858 941 1000 1030; x_wconf 88' lang='lat' dir='ltr'>indies</span> <span class='ocrx_word' id='word_1_49' title='bbox 1129 1027 1134 1046; x_wconf 40' lang='grc' dir='ltr'>Ι</span> 
     </span>
     <span class='ocr_line' id='line_1_8' title="bbox 39 971 1068 1151; baseline -0.004 -27"><span class='ocrx_word' id='word_1_50' title='bbox 39 1045 180 1151; x_wconf 79' lang='lat' dir='ltr'>gloriam</span> <span class='ocrx_word' id='word_1_51' title='bbox 196 1042 444 1124; x_wconf 84' lang='lat' dir='ltr'>secundissima</span> <span class='ocrx_word' id='word_1_52' title='bbox 455 1070 500 1150; x_wconf 91' lang='lat' dir='ltr'>pr</span> <span class='ocrx_word' id='word_1_53' title='bbox 553 971 803 1148; x_wconf 68' lang='lat' dir='ltr'>agarisottuna</span> <span class='ocrx_word' id='word_1_54' title='bbox 821 1043 1000 1122; x_wconf 84' lang='lat' dir='ltr'>maximis-</span> <span class='ocrx_word' id='word_1_55' title='bbox 1062 1051 1068 1081; x_wconf 81' lang='grc'>”</span> 
     </span>
     <span class='ocr_line' id='line_1_9' title="bbox 34 1147 1123 1250; baseline -0.006 -24"><span class='ocrx_word' id='word_1_56' title='bbox 34 1173 105 1248; x_wconf 85' lang='lat' dir='ltr'>que</span> <span class='ocrx_word' id='word_1_57' title='bbox 118 1147 479 1250; x_wconf 78' lang='lat' dir='ltr'>incrementiaaugeti</span> <span class='ocrx_word' id='word_1_58' title='bbox 491 1149 525 1225; x_wconf 95' lang='lat' dir='ltr'>iu</span> <span class='ocrx_word' id='word_1_59' title='bbox 578 1207 585 1224; x_wconf 89' lang='lat'><em>.</em></span> <span class='ocrx_word' id='word_1_60' title='bbox 638 1147 1001 1250; x_wconf 82' lang='lat' dir='ltr'>Nequetamenlraec</span> <span class='ocrx_word' id='word_1_61' title='bbox 1120 1211 1123 1219; x_wconf 91' lang='grc'><em>,</em></span> 
     </span>
     <span class='ocr_line' id='line_1_10' title="bbox 15 1243 1002 1427; baseline 0.003 -101"><span class='ocrx_word' id='word_1_62' title='bbox 15 1247 114 1353; x_wconf 78' lang='lat' dir='ltr'>¹spes,</span> <span class='ocrx_word' id='word_1_63' title='bbox 122 1243 257 1333; x_wconf 89' lang='lat' dir='ltr'>salutis,</span> <span class='ocrx_word' id='word_1_64' title='bbox 264 1273 385 1427; x_wconf 77' lang='lat' dir='ltr'>ssquarn</span> <span class='ocrx_word' id='word_1_65' title='bbox 402 1251 438 1328; x_wconf 91' lang='lat' dir='ltr'>in</span> <span class='ocrx_word' id='word_1_66' title='bbox 451 1246 676 1328; x_wconf 84' lang='lat' dir='ltr'>summontm&#39;</span> <span class='ocrx_word' id='word_1_67' title='bbox 699 1249 906 1354; x_wconf 87' lang='lat' dir='ltr'>principum</span> <span class='ocrx_word' id='word_1_68' title='bbox 929 1247 1002 1329; x_wconf 78' lang='lat' dir='ltr'>cle&#39;·</span> 
     </span>
     <span class='ocr_line' id='line_1_11' title="bbox 32 1349 1001 1457; baseline -0.003 -28"><span class='ocrx_word' id='word_1_69' title='bbox 32 1351 162 1429; x_wconf 82' lang='lat' dir='ltr'>mentia</span> <span class='ocrx_word' id='word_1_70' title='bbox 182 1351 261 1427; x_wconf 89' lang='lat' dir='ltr'>iulli</span> <span class='ocrx_word' id='word_1_71' title='bbox 289 1377 364 1428; x_wconf 80' lang='lat' dir='ltr'>rme</span> <span class='ocrx_word' id='word_1_72' title='bbox 380 1350 756 1457; x_wconf 78' lang='lat' dir='ltr'>positam,habemus,·</span> <span class='ocrx_word' id='word_1_73' title='bbox 780 1349 907 1452; x_wconf 82' lang='lat' dir='ltr'>segnes</span> <span class='ocrx_word' id='word_1_74' title='bbox 929 1371 1001 1426; x_wconf 82' lang='lat' dir='ltr'>nos</span> 
     </span>
    </p>

    <p class='ocr_par' dir='ltr' id='par_1_3' title="bbox 31 1447 1023 1657">
     <span class='ocr_line' id='line_1_12' title="bbox 34 1447 1023 1556; baseline -0.005 -26"><span class='ocrx_word' id='word_1_75' title='bbox 34 1475 72 1530; x_wconf 85' lang='lat' dir='ltr'>et</span> <span class='ocrx_word' id='word_1_76' title='bbox 88 1449 245 1529; x_wconf 89' lang='lat' dir='ltr'>remissos</span> <span class='ocrx_word' id='word_1_77' title='bbox 266 1451 379 1530; x_wconf 84' lang='lat' dir='ltr'>saciat</span> <span class='ocrx_word' id='word_1_78' title='bbox 457 1459 789 1556; x_wconf 65' lang='lat' dir='ltr'>Agamusmmnee,</span> <span class='ocrx_word' id='word_1_79' title='bbox 804 1447 918 1552; x_wconf 86' lang='lat' dir='ltr'>-quotl</span> <span class='ocrx_word' id='word_1_80' title='bbox 931 1473 1001 1526; x_wconf 90' lang='lat' dir='ltr'>no-</span> <span class='ocrx_word' id='word_1_81' title='bbox 1018 1457 1023 1472; x_wconf 89' lang='lat'><em>&#39;</em></span> 
     </span>
     <span class='ocr_line' id='line_1_13' title="bbox 31 1549 1001 1657; baseline -0.007 -25"><span class='ocrx_word' id='word_1_82' title='bbox 31 1554 139 1632; x_wconf 84' lang='lat' dir='ltr'>strum</span> <span class='ocrx_word' id='word_1_83' title='bbox 162 1553 234 1640; x_wconf 79' lang='lat' dir='ltr'>est,</span> <span class='ocrx_word' id='word_1_84' title='bbox 257 1551 540 1637; x_wconf 66' lang='lat' dir='ltr'>vt‘ncadeniae</span> <span class='ocrx_word' id='word_1_85' title='bbox 560 1552 808 1657; x_wconf 83' lang='lat' dir='ltr'>sapientiffime</span> <span class='ocrx_word' id='word_1_86' title='bbox 828 1549 1001 1628; x_wconf 85' lang='lat' dir='ltr'>conditae</span> 
     </span>
    </p>

    <p class='ocr_par' dir='ltr' id='par_1_4' title="bbox 30 1651 1000 1747">
     <span class='ocr_line' id='line_1_14' title="bbox 30 1651 1000 1747; baseline -0.003 -15"><span class='ocrx_word' id='word_1_87' title='bbox 30 1679 70 1732; x_wconf 85' lang='lat' dir='ltr'>et</span> <span class='ocrx_word' id='word_1_88' title='bbox 86 1653 221 1732; x_wconf 91' lang='lat' dir='ltr'>iudicio</span> <span class='ocrx_word' id='word_1_89' title='bbox 235 1655 423 1747; x_wconf 89' lang='lat' dir='ltr'>omnium,</span> <span class='ocrx_word' id='word_1_90' title='bbox 445 1657 628 1734; x_wconf 83' lang='lat' dir='ltr'>honorem</span> <span class='ocrx_word' id='word_1_91' title='bbox 646 1678 685 1733; x_wconf 90' lang='lat' dir='ltr'>et</span> <span class='ocrx_word' id='word_1_92' title='bbox 697 1655 810 1734; x_wconf 87' lang='lat' dir='ltr'>decus</span> <span class='ocrx_word' id='word_1_93' title='bbox 822 1651 1000 1731; x_wconf 89' lang='lat' dir='ltr'>illibatum</span> 
     </span>
    </p>

    <p class='ocr_par' dir='ltr' id='par_1_5' title="bbox 22 1755 1164 2560">
     <span class='ocr_line' id='line_1_15' title="bbox 29 1755 1097 1858; baseline -0.003 -26"><span class='ocrx_word' id='word_1_94' title='bbox 29 1779 72 1833; x_wconf 82' lang='lat' dir='ltr'>et</span> <span class='ocrx_word' id='word_1_95' title='bbox 83 1756 262 1858; x_wconf 85' lang='lat' dir='ltr'>integrum</span> <span class='ocrx_word' id='word_1_96' title='bbox 273 1755 535 1847; x_wconf 81' lang='lat' dir='ltr'>custodiemus.</span> <span class='ocrx_word' id='word_1_97' title='bbox 592 1759 684 1844; x_wconf 86' lang='lat' dir='ltr'>Vos,</span> <span class='ocrx_word' id='word_1_98' title='bbox 698 1760 837 1837; x_wconf 77' lang='lat' dir='ltr'>Parrus</span> <span class='ocrx_word' id='word_1_99' title='bbox 846 1755 1001 1840; x_wconf 79' lang='lat' dir='ltr'>Ourna,</span> <span class='ocrx_word' id='word_1_100' title='bbox 1093 1838 1097 1847; x_wconf 19' lang='grc' dir='ltr'>ι</span> 
     </span>
     <span class='ocr_line' id='line_1_16' title="bbox 24 1853 1026 1962; baseline -0.003 -30"><span class='ocrx_word' id='word_1_101' title='bbox 24 1857 223 1962; x_wconf 88' lang='lat' dir='ltr'>prouidete</span> <span class='ocrx_word' id='word_1_102' title='bbox 237 1881 383 1936; x_wconf 86' lang='lat' dir='ltr'>mecum</span> <span class='ocrx_word' id='word_1_103' title='bbox 395 1857 469 1936; x_wconf 89' lang='lat' dir='ltr'>hoc</span> <span class='ocrx_word' id='word_1_104' title='bbox 481 1857 668 1950; x_wconf 64' lang='lat' dir='ltr'>semestri,</span> <span class='ocrx_word' id='word_1_105' title='bbox 684 1881 754 1959; x_wconf 88' lang='lat' dir='ltr'>qua</span> <span class='ocrx_word' id='word_1_106' title='bbox 765 1855 860 1962; x_wconf 47' lang='lat' dir='ltr'>³eslis</span> <span class='ocrx_word' id='word_1_107' title='bbox 877 1853 1001 1957; x_wconf 78' lang='lat' dir='ltr'>proali-</span> <span class='ocrx_word' id='word_1_108' title='bbox 1023 1865 1026 1873; x_wconf 75' lang='lat'><em>&#39;</em></span> 
     </span>
     <span class='ocr_line' id='line_1_17' title="bbox 25 1953 1021 2062; baseline -0.002 -28"><span class='ocrx_word' id='word_1_109' title='bbox 25 1958 168 2050; x_wconf 81' lang='lat' dir='ltr'>demin,</span> <span class='ocrx_word' id='word_1_110' title='bbox 193 1983 242 2034; x_wconf 89' lang='lat' dir='ltr'>ne</span> <span class='ocrx_word' id='word_1_111' title='bbox 257 1955 347 2060; x_wconf 86' lang='lat' dir='ltr'>q&#39;uid</span> <span class='ocrx_word' id='word_1_112' title='bbox 361 1957 410 2034; x_wconf 89' lang='lat' dir='ltr'>de</span> <span class='ocrx_word' id='word_1_113' title='bbox 423 1959 634 2062; x_wconf 80' lang='lat' dir='ltr'>praestantia</span> <span class='ocrx_word' id='word_1_114' title='bbox 655 1957 876 2038; x_wconf 74' lang='lat' dir='ltr'>Academiae</span> <span class='ocrx_word' id='word_1_115' title='bbox 896 1953 1000 2032; x_wconf 86' lang='lat' dir='ltr'>dete·</span> <span class='ocrx_word' id='word_1_116' title='bbox 1020 1971 1021 1976; x_wconf 70' lang='lat'>‘</span> 
     </span>
     <span class='ocr_line' id='line_1_18' title="bbox 22 2057 1086 2162; baseline -0.006 -23"><span class='ocrx_word' id='word_1_117' title='bbox 22 2080 124 2142; x_wconf 81' lang='lat' dir='ltr'>ratur</span> <span class='ocrx_word' id='word_1_118' title='bbox 143 2081 182 2136; x_wconf 87' lang='lat' dir='ltr'>et</span> <span class='ocrx_word' id='word_1_119' title='bbox 199 2057 222 2136; x_wconf 90' lang='lat' dir='ltr'>sr</span> <span class='ocrx_word' id='word_1_120' title='bbox 238 2059 329 2162; x_wconf 90' lang='lat' dir='ltr'>quid</span> <span class='ocrx_word' id='word_1_121' title='bbox 343 2058 475 2140; x_wconf 83' lang='lat' dir='ltr'>aduetfi</span> <span class='ocrx_word' id='word_1_122' title='bbox 491 2061 587 2139; x_wconf 85' lang='lat' dir='ltr'>sorte</span> <span class='ocrx_word' id='word_1_123' title='bbox 609 2061 755 2140; x_wconf 85' lang='lat' dir='ltr'>fotnma</span> <span class='ocrx_word' id='word_1_124' title='bbox 777 2057 886 2142; x_wconf 81' lang='lat' dir='ltr'>serat,</span> <span class='ocrx_word' id='word_1_125' title='bbox 910 2079 1001 2134; x_wconf 89' lang='lat' dir='ltr'>con-</span> <span class='ocrx_word' id='word_1_126' title='bbox 1084 2077 1086 2084; x_wconf 87' lang='lat'>·</span> 
     </span>
     <span class='ocr_line' id='line_1_19' title="bbox 23 2159 1002 2266; baseline -0.006 -26"><span class='ocrx_word' id='word_1_127' title='bbox 23 2159 183 2240; x_wconf 86' lang='lat' dir='ltr'>filiorum</span> <span class='ocrx_word' id='word_1_128' title='bbox 212 2162 412 2240; x_wconf 85' lang='lat' dir='ltr'>vestrorum</span> <span class='ocrx_word' id='word_1_129' title='bbox 440 2161 608 2266; x_wconf 80' lang='lat' dir='ltr'>supientia</span> <span class='ocrx_word' id='word_1_130' title='bbox 634 2161 886 2264; x_wconf 85' lang='lat' dir='ltr'>tempestatem</span> <span class='ocrx_word' id='word_1_131' title='bbox 941 2181 1002 2234; x_wconf 82' lang='lat' dir='ltr'>m·</span> 
     </span>
     <span class='ocr_line' id='line_1_20' title="bbox 22 2259 1164 2368; baseline 0.005 -28"><span class='ocrx_word' id='word_1_132' title='bbox 22 2261 171 2366; x_wconf 86' lang='lat' dir='ltr'>pulsate.</span> <span class='ocrx_word' id='word_1_133' title='bbox 247 2265 288 2340; x_wconf 95' lang='lat' dir='ltr'>ld</span> <span class='ocrx_word' id='word_1_134' title='bbox 305 2259 655 2368; x_wconf 77' lang='lat' dir='ltr'>quosacerefinguli</span> <span class='ocrx_word' id='word_1_135' title='bbox 678 2263 825 2342; x_wconf 89' lang='lat' dir='ltr'>alacrius</span> <span class='ocrx_word' id='word_1_136' title='bbox 843 2285 895 2365; x_wconf 94' lang='lat' dir='ltr'>po</span> <span class='ocrx_word' id='word_1_137' title='bbox 936 2259 1000 2344; x_wconf 80' lang='lat' dir='ltr'>tis,</span> <span class='ocrx_word' id='word_1_138' title='bbox 1058 2333 1109 2364; x_wconf 48' lang='grc'>,,</span> <span class='ocrx_word' id='word_1_139' title='bbox 1161 2339 1164 2346; x_wconf 82' lang='grc'><strong><em>,</em></strong></span> 
     </span>
     <span class='ocr_line' id='line_1_21' title="bbox 24 2359 1102 2478; baseline 0.001 -44"><span class='ocrx_word' id='word_1_140' title='bbox 24 2362 199 2460; x_wconf 85' lang='lat' dir='ltr'>equidem</span> <span class='ocrx_word' id='word_1_141' title='bbox 219 2365 326 2438; x_wconf 81' lang='lat' dir='ltr'>Duvn</span> <span class='ocrx_word' id='word_1_142' title='bbox 340 2365 486 2464; x_wconf 88' lang='lat' dir='ltr'>publice</span> <span class='ocrx_word' id='word_1_143' title='bbox 500 2391 602 2443; x_wconf 88' lang='lat' dir='ltr'>nunc</span> <span class='ocrx_word' id='word_1_144' title='bbox 616 2389 730 2467; x_wconf 82' lang='lat' dir='ltr'>rogo,</span> <span class='ocrx_word' id='word_1_145' title='bbox 748 2389 822 2478; x_wconf 74' lang='lat' dir='ltr'>npc</span> <span class='ocrx_word' id='word_1_146' title='bbox 834 2359 1002 2466; x_wconf 90' lang='lat' dir='ltr'>priuatim</span> <span class='ocrx_word' id='word_1_147' title='bbox 1051 2391 1059 2415; x_wconf 47' lang='grc' dir='ltr'>ι’</span> <span class='ocrx_word' id='word_1_148' title='bbox 1098 2378 1102 2387; x_wconf 82' lang='grc'><strong>“</strong></span> 
     </span>
     <span class='ocr_line' id='line_1_22' title="bbox 23 2457 1067 2560; baseline -0.001 -24"><span class='ocrx_word' id='word_1_149' title='bbox 23 2481 154 2560; x_wconf 81' lang='lat' dir='ltr'>rogare</span> <span class='ocrx_word' id='word_1_150' title='bbox 169 2459 345 2552; x_wconf 81' lang='lat' dir='ltr'>desinam,</span> <span class='ocrx_word' id='word_1_151' title='bbox 365 2485 404 2537; x_wconf 90' lang='lat' dir='ltr'>vt</span> <span class='ocrx_word' id='word_1_152' title='bbox 417 2468 501 2538; x_wconf 83' lang='lat' dir='ltr'>Vos</span> <span class='ocrx_word' id='word_1_153' title='bbox 516 2465 600 2540; x_wconf 88' lang='lat' dir='ltr'>huic</span> <span class='ocrx_word' id='word_1_154' title='bbox 617 2465 857 2552; x_wconf 76' lang='lat' dir='ltr'>Academiae,</span> <span class='ocrx_word' id='word_1_155' title='bbox 882 2484 921 2538; x_wconf 90' lang='lat' dir='ltr'>et</span> <span class='ocrx_word' id='word_1_156' title='bbox 935 2457 1018 2536; x_wconf 79' lang='lat' dir='ltr'>mi·</span> <span class='ocrx_word' id='word_1_157' title='bbox 1063 2513 1067 2520; x_wconf 82' lang='lat'>·</span> 
     </span>
    </p>

    <p class='ocr_par' dir='ltr' id='par_1_6' title="bbox 17 2557 1068 2866">
     <span class='ocr_line' id='line_1_23' title="bbox 21 2557 1068 2666; baseline 0.001 -28"><span class='ocrx_word' id='word_1_158' title='bbox 21 2559 64 2639; x_wconf 84' lang='lat' dir='ltr'>lti</span> <span class='ocrx_word' id='word_1_159' title='bbox 81 2559 210 2644; x_wconf 89' lang='lat' dir='ltr'>etiam,</span> <span class='ocrx_word' id='word_1_160' title='bbox 227 2557 358 2651; x_wconf 72' lang='lat' dir='ltr'>Aluos,</span> <span class='ocrx_word' id='word_1_161' title='bbox 373 2561 548 2640; x_wconf 79' lang='lat' dir='ltr'>florentes</span> <span class='ocrx_word' id='word_1_162' title='bbox 565 2588 602 2642; x_wconf 89' lang='lat' dir='ltr'>et</span> <span class='ocrx_word' id='word_1_163' title='bbox 611 2564 822 2642; x_wconf 86' lang='lat' dir='ltr'>incolumes</span> <span class='ocrx_word' id='word_1_164' title='bbox 835 2559 1001 2666; x_wconf 84' lang='lat' dir='ltr'>praestet,</span> <span class='ocrx_word' id='word_1_165' title='bbox 1066 2567 1068 2571; x_wconf 78' lang='grc'>’</span> 
     </span>
     <span class='ocr_line' id='line_1_24' title="bbox 20 2661 1001 2766; baseline -0.001 -27"><span class='ocrx_word' id='word_1_166' title='bbox 20 2685 98 2740; x_wconf 83' lang='lat' dir='ltr'>nec</span> <span class='ocrx_word' id='word_1_167' title='bbox 112 2661 170 2738; x_wconf 89' lang='lat' dir='ltr'>vel</span> <span class='ocrx_word' id='word_1_168' title='bbox 187 2665 322 2754; x_wconf 88' lang='lat' dir='ltr'>animo,</span> <span class='ocrx_word' id='word_1_169' title='bbox 336 2662 393 2738; x_wconf 90' lang='lat' dir='ltr'>vel</span> <span class='ocrx_word' id='word_1_170' title='bbox 404 2663 676 2766; x_wconf 76' lang='lat' dir='ltr'>corpoteallligi</span> <span class='ocrx_word' id='word_1_171' title='bbox 691 2665 854 2766; x_wconf 87' lang='lat' dir='ltr'>patietur.</span> <span class='ocrx_word' id='word_1_172' title='bbox 905 2665 1001 2752; x_wconf 80' lang='lat' dir='ltr'>Vua,</span> 
     </span>
     <span class='ocr_line' id='line_1_25' title="bbox 17 2761 997 2866; baseline -0.004 -24"><span class='ocrx_word' id='word_1_173' title='bbox 17 2765 210 2844; x_wconf 77' lang='lat' dir='ltr'>Camssrrar</span> <span class='ocrx_word' id='word_1_174' title='bbox 233 2761 360 2856; x_wconf 81' lang='lat' dir='ltr'>Cives,</span> <span class='ocrx_word' id='word_1_175' title='bbox 384 2761 447 2840; x_wconf 86' lang='lat' dir='ltr'>filii</span> <span class='ocrx_word' id='word_1_176' title='bbox 475 2765 566 2858; x_wconf 91' lang='lat' dir='ltr'>mei,</span> <span class='ocrx_word' id='word_1_177' title='bbox 590 2765 720 2866; x_wconf 90' lang='lat' dir='ltr'>quibus</span> <span class='ocrx_word' id='word_1_178' title='bbox 736 2765 849 2844; x_wconf 79' lang='lat' dir='ltr'>hodie</span> <span class='ocrx_word' id='word_1_179' title='bbox 863 2761 997 2840; x_wconf 86' lang='lat' dir='ltr'>nrtotis</span> 
     </span>
    </p>

    <p class='ocr_par' dir='ltr' id='par_1_7' title="bbox 15 2863 1001 2968">
     <span class='ocr_line' id='line_1_26' title="bbox 15 2863 1001 2968; baseline -0.002 -26"><span class='ocrx_word' id='word_1_180' title='bbox 15 2887 61 2942; x_wconf 86' lang='lat' dir='ltr'>et</span> <span class='ocrx_word' id='word_1_181' title='bbox 76 2864 238 2968; x_wconf 87' lang='lat' dir='ltr'>patentis</span> <span class='ocrx_word' id='word_1_182' title='bbox 252 2863 341 2940; x_wconf 92' lang='lat' dir='ltr'>loco</span> <span class='ocrx_word' id='word_1_183' title='bbox 357 2863 564 2966; x_wconf 88' lang='lat' dir='ltr'>praeficior,</span> <span class='ocrx_word' id='word_1_184' title='bbox 590 2869 671 2944; x_wconf 90' lang='lat' dir='ltr'>Vos</span> <span class='ocrx_word' id='word_1_185' title='bbox 686 2871 835 2967; x_wconf 89' lang='lat' dir='ltr'>inquam</span> <span class='ocrx_word' id='word_1_186' title='bbox 850 2885 1001 2968; x_wconf 85' lang='lat' dir='ltr'>operam</span> 
     </span>
    </p>

    <p class='ocr_par' dir='ltr' id='par_1_8' title="bbox 7 2965 1127 3472">
     <span class='ocr_line' id='line_1_27' title="bbox 12 2965 1003 3070; baseline -0.003 -28"><span class='ocrx_word' id='word_1_187' title='bbox 12 2965 129 3052; x_wconf 88' lang='lat' dir='ltr'>date,</span> <span class='ocrx_word' id='word_1_188' title='bbox 160 2969 224 3064; x_wconf 89' lang='lat' dir='ltr'>(et</span> <span class='ocrx_word' id='word_1_189' title='bbox 244 2965 421 3060; x_wconf 85' lang='lat' dir='ltr'>confido,</span> <span class='ocrx_word' id='word_1_190' title='bbox 452 2965 648 3070; x_wconf 88' lang='lat' dir='ltr'>plerosque</span> <span class='ocrx_word' id='word_1_191' title='bbox 670 2969 826 3045; x_wconf 87' lang='lat' dir='ltr'>vestrum</span> <span class='ocrx_word' id='word_1_192' title='bbox 850 2989 1003 3060; x_wconf 81' lang='lat' dir='ltr'>operam</span> 
     </span>
     <span class='ocr_line' id='line_1_28' title="bbox 10 3064 1127 3169; baseline -0.004 -23"><span class='ocrx_word' id='word_1_193' title='bbox 10 3067 175 3146; x_wconf 78' lang='lat' dir='ltr'>danatus</span> <span class='ocrx_word' id='word_1_194' title='bbox 190 3064 306 3164; x_wconf 86' lang='lat' dir='ltr'>esse,)</span> <span class='ocrx_word' id='word_1_195' title='bbox 331 3093 380 3144; x_wconf 90' lang='lat' dir='ltr'>ne</span> <span class='ocrx_word' id='word_1_196' title='bbox 397 3067 455 3146; x_wconf 92' lang='lat' dir='ltr'>cui</span> <span class='ocrx_word' id='word_1_197' title='bbox 497 3067 630 3169; x_wconf 84' lang='lat' dir='ltr'>otestaa</span> <span class='ocrx_word' id='word_1_198' title='bbox 649 3065 805 3158; x_wconf 82' lang='lat' dir='ltr'>dolendi</span> <span class='ocrx_word' id='word_1_199' title='bbox 819 3066 1000 3154; x_wconf 89' lang='lat' dir='ltr'>nascatur,</span> <span class='ocrx_word' id='word_1_200' title='bbox 1050 3155 1054 3167; x_wconf 35' lang='grc' dir='ltr'><strong><em>Ι</em></strong></span> <span class='ocrx_word' id='word_1_201' title='bbox 1124 3081 1127 3092; x_wconf 92' lang='grc'><strong><em>·</em></strong></span> 
     </span>
     <span class='ocr_line' id='line_1_29' title="bbox 14 3089 1001 3271; baseline -0.008 -23"><span class='ocrx_word' id='word_1_202' title='bbox 14 3169 152 3248; x_wconf 87' lang='lat' dir='ltr'>bonae</span> <span class='ocrx_word' id='word_1_203' title='bbox 172 3167 393 3246; x_wconf 82' lang='lat' dir='ltr'>Academiae</span> <span class='ocrx_word' id='word_1_204' title='bbox 414 3089 527 3246; x_wconf 54' lang='lat' dir='ltr'>masos</span> <span class='ocrx_word' id='word_1_205' title='bbox 550 3169 716 3271; x_wconf 81' lang='lat' dir='ltr'>obtigisse</span> <span class='ocrx_word' id='word_1_206' title='bbox 735 3170 844 3248; x_wconf 88' lang='lat' dir='ltr'>ciues.</span> <span class='ocrx_word' id='word_1_207' title='bbox 861 3177 870 3186; x_wconf 79' lang='grc'><em>“</em></span> <span class='ocrx_word' id='word_1_208' title='bbox 919 3167 1001 3267; x_wconf 79' lang='lat' dir='ltr'>Ego</span> 
     </span>
     <span class='ocr_line' id='line_1_30' title="bbox 9 3265 1052 3372; baseline -0.003 -27"><span class='ocrx_word' id='word_1_209' title='bbox 9 3265 177 3348; x_wconf 75' lang='lat' dir='ltr'>vicissim</span> <span class='ocrx_word' id='word_1_210' title='bbox 204 3265 337 3372; x_wconf 91' lang='lat' dir='ltr'>superis</span> <span class='ocrx_word' id='word_1_211' title='bbox 364 3269 590 3357; x_wconf 78' lang='lat' dir='ltr'>fauentibus,</span> <span class='ocrx_word' id='word_1_212' title='bbox 616 3273 776 3349; x_wconf 86' lang='lat' dir='ltr'>Patribus</span> <span class='ocrx_word' id='word_1_213' title='bbox 797 3291 918 3346; x_wconf 89' lang='lat' dir='ltr'>autem</span> <span class='ocrx_word' id='word_1_214' title='bbox 948 3265 998 3343; x_wconf 91' lang='lat' dir='ltr'>iu·</span> <span class='ocrx_word' id='word_1_215' title='bbox 1049 3357 1052 3362; x_wconf 19' lang='grc'>1</span> 
     </span>
     <span class='ocr_line' id='line_1_31' title="bbox 7 3367 1001 3472; baseline 0.005 -25"><span class='ocrx_word' id='word_1_216' title='bbox 7 3369 213 3463; x_wconf 71' lang='lat' dir='ltr'>uentilous,</span> <span class='ocrx_word' id='word_1_217' title='bbox 236 3369 361 3472; x_wconf 88' lang='lat' dir='ltr'>quoad</span> <span class='ocrx_word' id='word_1_218' title='bbox 387 3394 537 3472; x_wconf 86' lang='lat' dir='ltr'>potero,</span> <span class='ocrx_word' id='word_1_219' title='bbox 563 3373 731 3450; x_wconf 83' lang='lat' dir='ltr'>connitor</span> <span class='ocrx_word' id='word_1_220' title='bbox 758 3393 797 3450; x_wconf 89' lang='lat' dir='ltr'>et</span> <span class='ocrx_word' id='word_1_221' title='bbox 822 3367 1001 3472; x_wconf 76' lang='lat' dir='ltr'>vigilabo,</span> 
     </span>
    </p>

    <p class='ocr_par' dir='ltr' id='par_1_9' title="bbox 1 3467 1208 3771">
     <span class='ocr_line' id='line_1_32' title="bbox 5 3467 1208 3574; baseline -0.008 -20"><span class='ocrx_word' id='word_1_222' title='bbox 5 3497 67 3554; x_wconf 89' lang='lat' dir='ltr'>ne</span> <span class='ocrx_word' id='word_1_223' title='bbox 96 3469 250 3572; x_wconf 89' lang='lat' dir='ltr'>sapienti</span> <span class='ocrx_word' id='word_1_224' title='bbox 276 3471 455 3574; x_wconf 82' lang='lat' dir='ltr'>collegio,</span> <span class='ocrx_word' id='word_1_225' title='bbox 479 3497 528 3548; x_wconf 90' lang='lat' dir='ltr'>ne</span> <span class='ocrx_word' id='word_1_226' title='bbox 548 3473 673 3550; x_wconf 71' lang='lat' dir='ltr'>almae·</span> <span class='ocrx_word' id='word_1_227' title='bbox 691 3467 932 3562; x_wconf 73' lang='lat' dir='ltr'>Academiae„</span> <span class='ocrx_word' id='word_1_228' title='bbox 953 3491 1000 3546; x_wconf 87' lang='lat' dir='ltr'>ne</span> <span class='ocrx_word' id='word_1_229' title='bbox 1073 3517 1078 3537; x_wconf 51' lang='lat' dir='ltr'>t</span> <span class='ocrx_word' id='word_1_230' title='bbox 1150 3529 1153 3537; x_wconf 91' lang='lat'><em>.</em></span> <span class='ocrx_word' id='word_1_231' title='bbox 1203 3481 1208 3490; x_wconf 85' lang='grc'><strong><em>·</em></strong></span> 
     </span>
     <span class='ocr_line' id='line_1_33' title="bbox 1 3571 1001 3676; baseline -0.006 -24"><span class='ocrx_word' id='word_1_232' title='bbox 1 3571 166 3652; x_wconf 79' lang='lat' dir='ltr'>ciuibus</span> <span class='ocrx_word' id='word_1_233' title='bbox 182 3573 361 3667; x_wconf 84' lang='lat' dir='ltr'>honestis,</span> <span class='ocrx_word' id='word_1_234' title='bbox 386 3573 619 3676; x_wconf 86' lang='lat' dir='ltr'>imprudens,</span> <span class='ocrx_word' id='word_1_235' title='bbox 640 3575 774 3664; x_wconf 89' lang='lat' dir='ltr'>malus,</span> <span class='ocrx_word' id='word_1_236' title='bbox 799 3595 839 3654; x_wconf 90' lang='lat' dir='ltr'>et</span> <span class='ocrx_word' id='word_1_237' title='bbox 856 3572 1001 3676; x_wconf 88' lang='lat' dir='ltr'>iniquus</span> 
     </span>
     <span class='ocr_line' id='line_1_34' title="bbox 7 3671 552 3771; baseline -0.007 -17"><span class='ocrx_word' id='word_1_238' title='bbox 7 3671 216 3756; x_wconf 75' lang='lat' dir='ltr'>datueelse</span> <span class='ocrx_word' id='word_1_239' title='bbox 229 3673 366 3771; x_wconf 74' lang='lat' dir='ltr'>Reslor</span> <span class='ocrx_word' id='word_1_240' title='bbox 379 3674 552 3754; x_wconf 84' lang='lat' dir='ltr'>videatur.</span> 
     </span>
    </p>
   </div>
   <div class='ocr_carea' id='block_1_3' title="bbox 391 3773 1016 3986">
    <p class='ocr_par' dir='ltr' id='par_1_10' title="bbox 391 3773 1016 3986">
     <span class='ocr_line' id='line_1_35' title="bbox 418 3773 895 3854; baseline -0.017 1"><span class='ocrx_word' id='word_1_241' title='bbox 418 3773 611 3854; x_wconf 86' lang='lat' dir='ltr'>Dlxl.</span> <span class='ocrx_word' id='word_1_242' title='bbox 892 3832 895 3847; x_wconf 92' lang='lat'><em>.</em></span> 
     </span>
     <span class='ocr_line' id='line_1_36' title="bbox 391 3868 1016 3986; baseline -0.008 -35"><span class='ocrx_word' id='word_1_243' title='bbox 391 3869 599 3986; x_wconf 41' lang='lat' dir='ltr'>“Ssa</span> <span class='ocrx_word' id='word_1_244' title='bbox 745 3868 749 3881; x_wconf 82' lang='grc'><strong>’</strong></span> <span class='ocrx_word' id='word_1_245' title='bbox 908 3869 1016 3946; x_wconf 79' lang='lat' dir='ltr'>AD-¹</span> 
     </span>
    </p>
   </div>
   <div class='ocr_carea' id='block_1_4' title="bbox 0 0 1240 4360">
    <p class='ocr_par' dir='ltr' id='par_1_11' title="bbox 0 0 1240 4360">
     <span class='ocr_line' id='line_1_37' title="bbox 0 0 1240 4360; baseline 0 1"><span class='ocrx_word' id='word_1_246' title='bbox 0 0 1240 4360; x_wconf 95' lang='lat' dir='ltr'> </span> 
     </span>
    </p>
   </div>
  </div>
 </body>
</html>
