2538 4368
228 291 277 344 aa
475 205 971 348 COMMuNTATlo
1030 329 1045 392 y.

79 471 89 492 ‘
224 472 321 554 quos
334 435 588 552 placidillimus
596 447 766 528 Seruatus
780 471 876 526 voce
892 465 931 526 et
943 412 1014 528 vira
1030 473 1160 556 pacem
1177 475 1224 534 et

226 575 390 640 amorem
403 547 564 647 'suadere
589 547 715 630 voluit.
774 551 995 638 Ceterorum
1022 551 1220 640 hominum

79 729 84 740 ,
228 651 313 732 odia
329 647 435 738 ratio,
462 649 552 736 dies,
577 675 707 755 preces
725 673 764 730 et
778 649 866 748 aliae
880 649 1016 732 caullae
1028 653 1218 758 paullatim

227 753 355 834 sedant
373 776 413 831 et
430 751 661 832 diminuunt:
692 754 763 830 hos
781 739 872 830 ‘nihil
890 751 1018 858 placat
1079 759 1223 858 Magna

229 878 331 938 certe
349 854 459 934 nobis
472 854 584 958 mala,
614 853 855 961 quorumhae
870 853 1097 949 voeessant,
1131 883 1220 938 nar·

227 980 324 1038 tant:
334 1035 339 1043 ,
349 955 539 1062 discrepat,
558 959 611 1034 vti
625 955 770 1044 volunt,
786 951 916 1036 odium
925 955 1222 1060 Theologorum

194 1053 995 1276 xsalluuicllllllffllllsslrlli}
1010 1059 1138 1242 illl
1159 1063 1221 1240 l·

91 1257 95 1260 ’
229 1265 297 1342 Do
313 1260 539 1352 immanitate
559 1258 718 1363 primum
741 1279 781 1337 et
795 1257 1000 1338 tncredibili
1018 1189 1220 1342 volenlen-

229 1363 278 1443 tia
301 1361 379 1440 odii
399 1361 513 1440 nostri
530 1357 633 1466 quod
647 1384 871 1464 queruntur,
900 1383 1048 1458 metuo,
1078 1386 1119 1443 vt
1139 1361 1224 1446 satis

230 1461 506 1570 pro'brturisrnt.
559 1463 693 1565 Magno
703 1459 854 1572 quidem
872 1463 910 1541 in
919 1465 1224 1568 promtulrabent

230 1565 415 1669 exempla,
447 1589 542 1667 quae
555 1559 628 1640 fine
644 1561 719 1641 fine
739 1565 939 1644 testantur:
973 1590 1100 1646 vetum
1125 1558 1221 1647 haec

46 1731 48 1738 ,
104 1743 106 1749 Α
230 1666 421 1747 contrariis
436 1665 541 1746 facile
556 1662 731 1768 exemplis
745 1665 949 1768 oppugnari
965 1665 1118 1770 poliunt
1147 1671 1219 1746 Fu·

138 1819 142 1834 ,
230 1769 300 1848 erit
312 1793 404 1852 vnus
419 1767 507 1846 item
522 1787 561 1846 ct
573 1767 663 1846 alter
677 1763 887 1846 nostrorum
897 1807 917 1860 ‚·
939 1763 1075 1848 filerinr
1096 1769 1221 1873 plures

230 1867 388 1951 confiliis
401 1865 820 1948 omnibusitnmoderati
842 1891 880 1946 et
892 1867 1009 1948 deuii:
1038 1865 1136 1950 haud
1152 1872 1222 1950 mi·

231 1997 304 2051 nor
323 1994 446 2051 tamen
470 1994 600 2048 comm
620 1991 797 2048 numerus
817 1967 954 2048 laudari
975 1971 1124 2075 potest,
1142 1975 1218 2074 .qui

112 2161 117 2172 ,
230 2074 374 2153 ratione
392 2071 622 2160 inimicitias,
651 2095 740 2174 quas
756 2067 1004 2174 susceperant,
1037 2075 1113 2152 lem
1201 2121 1216 2138 ·

114 2203 119 2264 ζ
231 2196 334 2268 runt,
364 2175 556 2290 multoque
575 2171 715 2263 minus,
748 2195 856 2274 quam
875 2171 1024 2268 licebat,
1053 2175 1105 2253 ho
1140 2173 1220 2256 ‘bus
1267 2196 1268 2199 ‘

103 2365 116 2378 ,
232 2273 411 2360 malorum
435 2295 474 2352 ct
495 2271 824 2352 rncommodorum
849 2271 983 2354 inferre
1014 2275 1218 2378 voluerunt.
1253 2279 1258 2285 ’

233 2379 363 2478 Motus
378 2374 582 2454 animorum
599 2395 639 2452 et
652 2373 962 2478 perturbationes,
981 2377 1215 2480 ingeniorum

233 2501 507 2583 corporumque
523 2495 648 2554 natura
667 2498 706 2555 et
721 2475 947 2578 disciplinae,
976 2501 1085 2582 quam
1105 2504 1124 2555 a
1141 2477 1217 2582 pri·

234 2577 421 2676 misannis
434 2577 654 2680 accepimus,
666 2575 794 2654 indole
808 2577 1023 2696 plerumque
1036 2575 1220 2662 definiun-

232 2703 303 2762 tur.
358 2681 465 2783 Qae
478 2703 594 2781 quum
607 2679 645 2756 in
662 2679 776 2757 nostri
790 2679 931 2758 ordinis
943 2682 1046 2776 vnis,
1070 2705 1153 2768 non
1169 2682 1223 2761 se-

160 2813 163 2820 ·
234 2805 299 2872 cus
313 2807 355 2862 ac
370 2781 408 2858 in
425 2779 501 2858 aliis
515 2779 740 2867 hominibus,
753 2779 859 2859 valde
872 2777 939 2860 fint
953 2779 1114 2886 disparia,
1128 2808 1221 2861 con-

166 2921 174 2940 =
233 2883 445 2966 sentaneum
458 2881 523 2972 est,
547 2904 682 2960 vrnon
696 2907 828 2962 omnes
841 2881 1017 2964 eumdem
1031 2885 1165 2964 amoris
1181 2905 1223 2966 et

234 2985 312 3064 otlii
329 2983 483 3064 modurn
497 2981 670 3078 seruent,
702 2981 764 3061 sed
784 2982 843 3062 alii
861 2983 937 3062 aliis
954 2983 1145 3066 molliores
1160 2985 1224 3066 vel

234 3085 421 3180 duriores,
442 3085 633 3186 aequiores
646 3083 706 3166 vel
717 3083 916 3186 iniquiores
930 3083 1016 3166 fintr
1041 3083 1106 3166 nili
1123 3067 1225 3170 solta

174 3249 181 3266 ,
261 3187 327 3279 uis,
341 3185 446 3289 quod
459 3185 648 3264 absurdum
663 3181 771 3278 foret,
786 3185 926 3278 statuat,
950 3185 1118 3291 pestifera
1133 3215 1221 3292 qua·

233 3213 408 3366 lamenta
419 3280 678 3380 omnesafflrri,
698 3283 805 3390 quise
822 3283 955 3368 scholis
970 3289 1103 3376 nostris
1115 3314 1219 3370 corn·

236 3385 400 3480 mittunt,
407 3411 447 3466 vt
454 3388 654 3475 normalem
666 3387 854 3470 lenitatem
869 3389 1014 3494 prorsus
1027 3389 1222 3498 deportant

237 3487 627 3589 tracqualiterornnes
640 3487 880 3573 rabioliliant
1155 3527 1157 3532 ¹

205 3633 212 3646 ·
252 3666 256 3679 ,
293 3592 433 3668 Verum
450 3591 541 3686 esto,
552 3590 646 3673 tales
658 3591 729 3672 elle
743 3617 825 3688 nos,
837 3591 962 3698 quales
975 3591 1135 3690 ferimur,
1153 3591 1225 3672 ho·

238 3690 355 3775 mines
369 3690 537 3809 omnium
551 3691 837 3776 bellicolillrmos
851 3718 890 3776 et
902 3693 948 3774 ad
961 3695 1087 3776 hostes
1100 3695 1227 3804 oppri-

242 3790 400 3876 mendos
421 3815 554 3876 cetcus
574 3795 789 3880 noualibus
808 3815 848 3878 et
866 3795 1151 3904 ingenioliores,
1169 3817 1227 3915 ‚et

1142 3923 1227 3978 vro-
