2482 4340
275 209 400 296 NON
426 204 787 290 ABROGANDo:
940 227 1015 315 521]
1055 245 1062 254 ·

37 410 163 496 mmm
174 394 337 504 membra
345 389 416 476 coe
424 389 543 477 ,debet
554 401 639 475 'non
651 395 748 512 pati,
772 395 1036 479 manassem?

37 529 106 612 per
119 501 291 586 omnibus
304 493 447 600 praesit:
476 495 594 574 multo
605 519 703 574 emm
719 499 831 600 magis
844 499 1015 578 haecset-

37 627 169 695 uatut,
207 587 386 678 somnes
407 592 536 690 vniua,
567 595 805 700 eiusdemque
831 599 1016 702 dignitatis

37 704 114 782 ieri
127 699 274 806 possunt
313 695 488 802 articipes.
536 698 729 800 Cogitate,
752 699 820 778 hac
841 699 912 804 ipsa
925 724 1018 780 con·

37 807 141 886 tinua
171 801 254 880 succ
303 821 392 878 tone
419 796 613 876 amicitiam
641 823 680 878 et
700 799 1018 898 neceffitudinen,

37 931 111 1012 qua
123 903 212 982 nibil
229 901 375 1004 magiso
402 898 554 1004 modum
567 899 673 978 estin
689 903 913 997 Academiis,
940 929 1016 982 ma·

63 1013 97 1086 is
119 1003 253 1084 firmari
279 1017 319 1083 et
338 925 519 1081 rozomri:
560 1003 735 1103 Cogitate
757 1003 935 1108 denique,
964 1005 1035 1083 iu-s·
1081 1087 1085 1104 ⁸
1173 1010 1176 1022 '

37 1037 136 1188 Rom
152 1103 242 1198 esse,
266 1108 357 1182 vtin
380 1101 572 1207 sapientiae
599 1103 794 1184 domiciliis
818 1129 1017 1211 perpetuae
1097 1109 1101 1124 '

37 1203 638 1290 exstctvaoitatisetinconstantiaa
652 1203 1035 1291 rerumhumanarutn‘s

37 1319 173 1412 imago.
221 1307 324 1386 Nihil
340 1307 533 1397 omnibus,
566 1307 654 1384 nihil
676 1309 805 1404 nobis,
829 1307 893 1412 qui
917 1311 1017 1388 litte·
1101 1367 1103 1372 -

37 1407 304 1495 rammstudiis
319 1407 436 1486 dediti
451 1405 593 1495 sumus,
628 1409 810 1492 salutarius
832 1433 871 1490 et
898 1410 1019 1491 vtilius

37 1513 113 1605 est,
133 1536 242 1614 quam
256 1531 432 1614 perpensa
450 1509 658 1588 recordatio
680 1510 856 1612 miseriae,
884 1509 1016 1617 fragili·

37 1615 145 1698 ratis,
170 1611 323 1690 leuitatis
348 1633 387 1690 ct
407 1610 572 1688 vanitatis
588 1613 754 1690 omnium
777 1637 907 1692 rerum.
966 1619 1018 1696 At

37 1715 154 1822 quid,
176 1711 332 1792 obsecro
346 1737 434 1798 vos,
461 1719 693 1801 Avoraoars,
713 1713 824 1815 quid,
851 1707 1019 1810 obsecro,

37 1815 224 1898 efficacius
251 1837 291 1891 et
308 1813 438 1891 melius
459 1809 552 1890 hanc
583 1814 778 1892 vanitatem
810 1800 1019 1910 adumbrat,

37 1913 899 2022 quamhaecmagistratusperpetuaviciffitudo,
926 1941 1019 2020 quae

38 2023 75 2100 in
96 2015 309 2098 Academiis
341 2013 496 2094 obtinet.
555 2015 671 2094 sumit
692 2041 785 2096 mus
802 2036 1019 2122 purpuram,

38 2121 196 2225 sceptra,
227 2114 352 2196 fasces:
379 2115 452 2194 Sed
468 2139 576 2218 quam
593 2116 678 2196 diu?
703 2116 788 2197 Post
803 2117 863 2200 sex
876 2118 1019 2200 menses
1072 2128 1074 2136 ’

40 2223 184 2303 exuitur
205 2217 304 2300 etad
321 2239 484 2298 veterem
507 2217 639 2298 itemm
667 2219 792 2298 locum
813 2215 1017 2302 reuertitur.

38 2319 334 2408 Succeditaiius,
360 2319 496 2398 eodem
509 2318 595 2398 sato.
657 2321 772 2416 Talis,
787 2323 1019 2419 Avorrorts,

43 2425 125 2502 mis
148 2421 281 2502 cevia
294 2420 434 2512 nostra,
457 2419 547 2498 tales
567 2419 648 2500 sunt
677 2445 809 2500 omnes
834 2447 893 2502 rea
916 2449 1017 2504 mor-

44 2524 180 2604 talium.
233 2521 372 2602 Omnia
398 2519 552 2613 caduca,
590 2545 700 2610 vana,
726 2521 851 2601 misera
876 2524 1016 2607 omnia!

39 2625 148 2708 Haec
165 2625 271 2706 vobis
291 2625 328 2703 in
350 2645 515 2702 mentem
540 2622 707 2709 noiant,
753 2647 870 2725 quum
893 2625 1016 2728 paullo
1128 2671 1132 2682 ·

90 2731 198 2808 stane
210 2723 454 2812 descendere,
476 2721 584 2802 alium
598 2747 688 2802 vero
701 2721 894 2802 ascendere
913 2725 1016 2804 vide·

65 2831 141 2910 itis:
175 2831 282 2907 Haec
303 2825 444 2931 semper
464 2824 652 2926 cogitetis,
668 2885 671 2900 .
685 2849 802 2926 quum
821 2823 932 2908 fasces
945 2851 1016 2908 no·

41 2931 128 3012 stros
149 2929 197 3010 ad
212 2931 321 3008 alium
335 2927 467 3006 deserri
482 2923 669 3015 videbitis!

82 3037 172 3116 Hac
192 3031 244 3110 ob
257 3029 387 3110 mosiis
399 3029 518 3108 inhac
537 3026 646 3106 etiam
661 3025 860 3108 Academia
874 3030 1017 3111 cams-
1076 3086 1080 3097 =

38 3157 117 3212 stata
133 3155 176 3212 et
189 3135 461 3211 Parammon
469 3131 603 3208 Dotavs
616 3131 903 3210 otvaoncmm
916 3131 1016 3212 vices

41 3233 109 3315 effe
123 3233 360 3339 sempiternas
381 3229 600 3332 magistratus
620 3231 756 3319 nostri,
777 3254 816 3317 et
829 3231 1014 3312 honorem

42 3331 139 3416 hune
152 3335 324 3416 omnibus
354 3357 592 3412 communem
620 3331 691 3410 esse
719 3335 845 3414 voluit.
908 3337 1054 3412 Prae-a

42 3437 170 3518 tetiare
189 3435 248 3518 sex
265 3435 318 3514 ilii
341 3433 502 3520 menses,
534 3432 663 3536 quibus
691 3435 836 3514 Patrum
860 3431 1015 3514 decreto

39 3535 299 3620 administratio
313 3537 418 3620 huius
439 3531 593 3614 ciuitatis
611 3535 823 3616 concredita
842 3535 928 3626 fuit,
951 3529 1030 3614 ad·'
1104 3535 1111 3548 ’
1156 3523 1167 3532 ’

40 3637 177 3728 ostiam
190 3641 306 3736 hore,
326 3635 569 3747 quinalium
589 3635 665 3718 hoc
684 3661 779 3720 onus
802 3637 1023 3732 deooiuam

514 3735 625 3842 Kit5
747 3853 756 3866 ,
908 3763 1014 3850 ‚me
