2506 4362
131 261 137 288 ¹
281 172 809 382 nvuutnamunn
863 239 867 252 ’
946 221 1077 354 ηςῂ

40 431 663 514 bentincaniiisrcrumnsturaiium
677 433 1025 612 inuestipand'upius
1056 419 1065 435 '⁹

38 535 700 714 posuissedilipentinequamreliquos
734 559 813 638 opu
825 559 887 616 os:
903 535 1025 614 fru'an*

37 637 369 740 turhaciiiigon'ar
391 636 599 714 nosnostro
613 637 681 714 vici
710 633 846 715 rmiu're
859 657 1025 724 vtemur,
1085 658 1087 664 ’
1177 715 1187 732 ,

39 737 936 844 etqu'anturnsapientiaetcmdirioneprosccerint
950 737 1025 818 hoc
1070 801 1080 834 ‚

34 841 178 932 studio,
195 837 886 944 fifictiquidcmpoteritiudagabimus.
918 840 1025 943 Equi·
1106 851 1113 860 '

31 943 124 1020 dem
136 937 552 1045 inplutasupcrstitionis
566 963 606 1019 et
626 941 795 1028 leuitatis,
811 967 920 1045 quam
936 939 1025 1046 sapi·
1175 1005 1182 1024 .

23 1041 163 1140 sentiae
177 1042 393 1135 Hetruscae‚
414 1043 569 1146 vestigia
578 1043 703 1138 incidi,
727 1065 893 1124 veterum
908 1041 1026 1122 libros

23 1142 236 1234 resoluens,
249 1143 629 1246 quideiliisnennulla
637 1145 838 1224 memoriae
846 1145 1025 1249 prodide-

35 1265 135 1336 runt,
156 1245 366 1347 nequehoc
395 1269 593 1352 negaturos
619 1247 689 1326 csse
711 1247 824 1328 iustos
845 1271 968 1324 rerum
984 1265 1026 1324 et

39 1345 256 1452 opinionum
268 1346 699 1427 existimatorcsarbittor.
739 1349 1026 1428 Vcrumhabent

39 1471 158 1525 tamen
176 1447 358 1526 etamicos
370 1446 453 1525 suos
466 1447 658 1538 Hetrusci,
684 1454 763 1556 qui,
787 1448 926 1528 mmetii
943 1471 1024 1527 non

40 1569 194 1652 negent,
238 1547 419 1654 populum
442 1549 542 1628 hunc
562 1551 686 1630 multis
707 1555 747 1629 in
760 1553 869 1630 rebus
890 1575 910 1630 a
931 1562 1024 1628 veto

38 1643 227 1744 aberrasse,
251 1649 290 1728 in
304 1649 480 1754 dogmate
503 1673 628 1731 tamen
650 1652 699 1730 de
725 1653 868 1732 mundo
884 1674 924 1730 et
946 1653 1025 1732 eius

39 1751 222 1830 creatione
237 1775 322 1829 eum
337 1775 383 1830 ex
404 1749 629 1831 corosanum
651 1751 750 1832 fuisse
770 1754 822 1832 nil
845 1752 1024 1834 dubitant

39 1853 240 1932 Ausiorem
265 1851 389 1932 bonae
408 1853 515 1934 huius
535 1853 725 1960 opinionis
745 1853 894 1934 laudant
914 1853 1024 1958 igno·

41 1975 113 2032 tum
135 1951 334 2057 quemdam
358 1953 570 2048 audacem,
610 1955 713 2034 cuius
738 1957 847 2036 verba
870 1959 1020 2034 Svmss¹
1100 2021 1102 2033 .

41 2054 198 2135 seruauit.
263 2057 471 2144 Nauaris,
497 2057 729 2160 Tynheuios
758 2057 830 2136 srue
850 2055 1024 2136 Thuscos

41 2153 275 2262 praecepisse,
299 2159 423 2238 Deum
447 2158 573 2254 iilum,
596 2183 709 2264 aquo
732 2160 882 2238 condita
895 2157 964 2239 srnt
980 2183 1025 2238 o·

42 2259 174 2351 mnia,²
200 2257 402 2338 duodecim
424 2259 525 2338 mille
539 2285 655 2340 annos
669 2259 945 2340 consumtutum
967 2285 1024 2340 es-

46 2357 124 2438 sein
139 2358 354 2440 fabricandis
369 2362 543 2468 operibus
557 2361 641 2440 suis=
666 2363 765 2441 miiie
781 2364 905 2467 primis
918 2366 1023 2441 annis
1040 2417 1045 2426 -

49 2460 190 2538 socium
210 2483 248 2542 et
264 2481 397 2542 terram
428 2483 673 2566 comparatam
695 2464 741 2541 ab
758 2489 806 2542 eo
822 2463 914 2554 esset
939 2463 1045 2570 post,

41 2557 135 2637 haec
160 2561 295 2644 catium
311 2559 404 2643 illud
418 2563 664 2642 construdum
679 2563 769 2658 effe,
801 2565 909 2668 quod
931 2587 1024 2642 ocu·

41 2657 82 2739 iis
104 2661 236 2744 nostris
254 2661 458 2770 expositum
477 2663 548 2741 est:
570 2685 653 2740 tum
677 2689 775 2743 mare
798 2688 837 2744 et
856 2689 966 2768 aquas
981 2690 1027 2742 o«

40 2787 143 2842 mnes
158 2767 327 2848 conditas
342 2765 428 2846 eise:
450 2763 539 2842 hinc
557 2763 692 2858 solem,
725 2765 848 2845 lunam
873 2789 913 2846 ct
931 2764 1022 2844 fide·

43 2867 276 2972 nptodudia:
302 2865 563 2948 succeffiffehis
582 2889 684 2952 aues,
708 2867 843 2972 pisces,
867 2887 1025 2946 ceteras·

47 2989 106 3080 que
123 2969 271 3050 bestias:
298 2970 410 3050 finem
426 2967 596 3047 vniuerso
609 2967 727 3050 labori
743 2969 906 3050 hominia
923 2993 1026 3048 creaa-

48 3085 177 3148 uonem
202 3071 424 3174 imposuisse:
450 3069 596 3174 singuiis
608 3068 706 3148 hisc‘e
726 3071 900 3172 operibus
922 3069 1025 3148 mille
1117 3079 1121 3117 ¹

49 3187 152 3250 moos
168 3169 375 3277 supremum
398 3177 550 3251 Numen
570 3173 804 3278 impendisse:
834 3173 924 3252 sexi
951 3172 1025 3252 'tut
1089 3191 1094 3204 ’

47 3291 216 3352 annorum
233 3275 347 3353 millia
365 3273 555 3367 effluxisse,
569 3295 764 3378 antequam
778 3277 894 3354 homo
934 3299 1024 3378 nge-

41 3391 167 3452 retura
184 3377 289 3484 Deo:
315 3378 478 3480 reliquos
495 3375 554 3455 sex
568 3375 668 3455 mille
684 3403 802 3458 annos
822 3377 1024 3456 humanum

41 3495 152 3571 genus
172 3476 210 3554 in
228 3477 285 3556 his
298 3480 403 3558 tertis
418 3475 640 3556 versaturum
658 3478 738 3558 eise.
795 3473 939 3558 Definit
962 3477 1026 3556 hic

38 3576 163 3655 sumn
178 3578 352 3659 narratio:
378 3577 672 3658 verisimillimum
688 3601 810 3662 autem
826 3579 898 3680 est,
921 3577 1024 3758 appri-

143 3703 156 3736 ν
999 3703 1022 3756 e
1157 3745 1159 3755 r

74 3815 86 3847 ¹
109 3811 145 3872 ln
156 3804 568 3888 bxscoToin-111.v.cuppnrrtt
582 3829 667 3890 χωρ,
743 3873 746 3878 ,
937 3856 940 3866 .

74 3896 90 3928 ⁸
112 3915 156 3956 rra
169 3893 315 3973 drusum
328 3889 574 3955 veremudus.
