2470 4360
172 317 190 350 κ,
262 242 338 338 640
409 201 505 314 'na
528 217 737 341 orrrnn
761 196 1058 322 acroama

191 419 199 426 ’
315 424 385 504 His
408 413 441 501 'n
455 422 614 525 longiori
633 422 723 500 mihi
748 423 959 501 liceretelle
980 423 1103 504 inulta
1117 425 1209 506 adiin

262 545 341 604 rem
358 527 508 607 alianon
524 523 1060 624 minushqnestaetnecellaria.
1112 529 1203 604 Olln

259 624 389 706 derem
404 627 565 732 optimae
581 625 802 704 Academiae
817 625 994 704 dodloree
1008 627 1198 728 pietatiso

171 807 175 820 ,
234 733 391 818 ,Davum
417 727 614 830 grauitatis,
636 728 865 828 prudentiae,
878 751 1164 831 ceterarumque
1175 759 1195 804 r.

262 853 384 910 tutum
405 829 568 932 exempla
593 829 664 906 elle
678 829 825 906 debere.
894 827 1066 930 Fingurit
1079 827 1151 910 sese
1166 859 1202 934 pr·

112 1011 114 1022 Α
262 959 419 1034 rumque
436 930 605 1010 homines
619 953 657 1008 et
672 951 796 1010 tenera
809 929 990 1032 imprimis
1008 934 1157 1035 ingenia
1165 952 1211 1028 nel

135 1072 138 1081 ·
177 1059 180 1068 ’
260 1057 334 1114 tam
358 1033 403 1112 ad
426 1036 524 1134 leges
547 1054 587 1109 et
608 1031 737 1120 rerba,
761 1055 870 1134 quam
889 1031 935 1108 ad
950 1029 1047 1110 facia
1064 1035 1203 1138 potiusr

161 1199 165 1210 ,
259 1160 385 1214 mores
408 1133 672 1238 Magistrorum.
748 1135 803 1210 Ex
823 1157 900 1236 quo
923 1133 1155 1214 manifestum
1167 1137 1200 1210 el:

260 1237 300 1316 in
321 1236 459 1342 optima
475 1234 677 1312 Academia
698 1234 844 1338 impiis,
866 1233 1020 1322 titanis,
1049 1259 1090 1316 et
1112 1236 1207 1316 vltiols

259 1335 473 1416 dotlotibus
488 1335 627 1428 nullum
642 1336 803 1414 concedi
818 1335 944 1414 locum
960 1335 1115 1416 debere.
1157 1343 1206 1414 llo

259 1463 404 1531 cerem,
429 1439 484 1516 his
507 1436 719 1516 dodoribus
743 1436 883 1514 veniam
908 1435 980 1514 elle
1003 1439 1162 1526 dandam,
1182 1441 1207 1514 l

259 1542 348 1622 bere
364 1539 542 1618 sentiendi
555 1559 593 1619 et
607 1540 702 1618 inter
717 1535 751 1618 se
767 1561 807 1618 et
826 1563 912 1630 cum
933 1539 1016 1616 aliis
1038 1541 1206 1620 dilleorien·

259 1641 317 1734 di,
342 1643 416 1720 hoc
431 1650 552 1723 tamen
569 1641 602 1717 le
630 1667 670 1726 e,
698 1661 738 1718 vt
751 1639 951 1724 modestiae
965 1640 1141 1732 studeant,
1152 1665 1207 1718 ner

260 1743 318 1823 vel
358 1743 527 1845 religioni
554 1665 628 1818 vd
641 1740 859 1845 reipublicae
887 1741 1063 1822 iniuriam
1088 1742 1213 1830 aleam

258 1845 362 1946 Qid
388 1846 504 1933 enirn,
530 1841 663 1945 quaeso
686 1867 877 1946 magnum,
903 1845 1141 1947 praeclarum,
1157 1845 1206 1920 eri

198 1943 200 1950 ’
259 1949 373 2024 mium
390 1946 439 2030 ab
456 1945 525 2021 illis
546 1945 748 2048 exspetles,
769 1964 927 2048 quorum
942 1945 1091 2048 ingenia
1112 1945 1198 2026 serula

243 2047 344 2148 ‘iussa
366 2034 792 2144 suntmemonstrarem
815 2045 980 2148 denique
1002 2049 1059 2126 his
1080 2047 1213 2126 doun,

168 2169 180 2190 ”¹
260 2145 403 2228 basilla
426 2147 679 2232 instrumenta,
704 2147 835 2250 quibus
852 2147 993 2226 cultura
1013 2147 1208 2226 scientiarum

262 2275 386 2328 carere
405 2245 554 2351 nequit,
580 2247 726 2348 publice
742 2247 1001 2354 suppeditanda
1013 2247 1084 2325 elle
1131 2251 1209 2324 Pau-

148 2407 151 2416 =
257 2351 313 2432 eis
336 2349 434 2428 enim
454 2369 528 2426 tarn
551 2349 667 2451 ampla
691 2372 730 2428 et
749 2349 897 2452 copiosa
919 2375 979 2428 res
1002 2349 1079 2428 data
1091 2347 1161 2436 en,
1180 2369 1210 2420 n

258 2449 324 2534 suo
341 2449 460 2538 sumtu
475 2461 686 2552 comparare
703 2452 766 2530 fibi
778 2474 915 2554 queant
928 2451 1071 2541 omnm,
1084 2473 1207 2554 quorun

261 2579 340 2635 non
358 2551 430 2632 fine
447 2547 670 2630 detrimento
684 2553 910 2634 scientiarum
932 2551 1011 2630 indi
1039 2575 1115 2632 ent,
1160 2547 1205 2628 Sel

262 2657 374 2742 haec,
394 2653 533 2756 aliaque
548 2655 742 2748 nonnulla,
771 2577 1157 2742 Ventaconlideranda
1173 2677 1204 2726 rt

261 2755 426 2860 linquere
441 2777 614 2856 oportet,
632 2777 672 2834 vt
684 2755 732 2834 de
746 2755 916 2836 institutis
930 2755 1129 2860 etlegibus
1146 2777 1200 2862 ope

236 2874 238 2885 '
263 2859 343 2940 inae
358 2853 580 2937 Academiae
594 2855 717 2937 dicere
732 2883 873 2962 queam.

317 3061 487 3141 Formam
526 3058 682 3140 ciuitatis
712 3059 889 3142 litteratae
926 3061 1083 3148 omitto.
1155 3059 1202 3138 Ne:

245 3165 363 3242 ·enim
376 3157 523 3240 diffiteri
537 3161 642 3252 licet,
666 3164 704 3240 in
720 3161 902 3268 plerisque
917 3163 1210 3246 Germaniaela·

175 3351 180 3356 ,
263 3260 393 3346 demiia
415 3261 494 3344 satis
517 3263 658 3370 eumad
675 3263 766 3344 lines
789 3265 933 3344 nostros
957 3259 1213 3371 apponteador·

263 3363 498 3462 natameffe.,
560 3367 794 3446 lntercetera
818 3367 995 3456 instituta,
1020 3394 1123 3486 quae
1144 3381 1214 3464 opu·

265 3491 361 3545 mam
377 3465 514 3543 decent
530 3467 781 3554 Academiam,
798 3469 873 3545 lroc
888 3467 981 3550 ferre
994 3493 1155 3571 primum
1169 3455 1214 3538 ult

264 3568 436 3662 arbitror,
457 3587 496 3644 vt
511 3591 618 3681 quam
633 3567 1053 3688 paucillimaepeccandi
1066 3593 1114 3686 et·
1125 3563 1214 3646 delia

262 3669 401 3772 quepdi
427 3677 637 3752 occalronea
656 3697 838 3778 ingenuae
859 3671 1069 3767 iuuentuti,
1100 3693 1144 3852 ἒ
1170 3683 1214 3766 qu

291 3795 302 3823 ,
330 3814 346 3828 .
1144 3785 1214 3846 tuf,
