2580 4360
212 273 943 429 uuooto'rueotoomo.
1014 265 1078 411 ῤ’

53 495 107 574 teti
122 487 404 572 'obliuiscantur
424 513 463 568 er
484 489 637 586 celerius
652 495 692 568 in
709 493 857 594 gratiam
874 494 1040 572 cumini·
1278 483 1279 506 ¹

50 601 154 675 micis
179 592 345 672 redeant
420 596 527 684 Puta,
551 592 576 670 st
598 592 650 668 nil
672 595 919 685 mentiuntur,
970 621 1041 674 uos
1137 637 1141 656 ·

48 701 104 776 ista
129 695 299 774 deleelat
319 691 512 787 accusatio,
539 621 1041 795 quodinter'animaliaierae
1154 757 1161 768 .
1278 703 1279 730 ³

45 799 141 894 sunt,
170 795 213 875 id
225 803 325 876 inter
339 795 510 873 homines
528 793 598 872 elie
615 795 850 898 Theologos.
906 793 928 844 ·'

93 897 222 978 lamii
246 923 288 974 ex
303 897 386 990 illis,
411 895 512 974 unde
526 897 685 976 animum
701 897 839 978 ducant
853 919 957 976 tanto
970 923 1043 976 nos

10 1003 12 1096 l
46 1002 221 1083 crimine
245 997 429 1092 onerandi,
457 1023 615 1100 quaeras,
641 997 782 1078 infinita
797 1001 918 1076 omnis
935 1023 1043 1114 gene·
1109 1032 1120 1044 ·
1147 999 1150 1010 '

10 1109 12 1220 ζ
45 1109 100 1185 ris
122 1124 170 1178 et
187 1101 305 1177 aetatis
319 1099 572 1204 exemplorum
594 1101 831 1178 multitudine
844 1100 1042 1180 obrutmur.
1132 1100 1136 1109 ’

47 1199 277 1284 Vniuersrm
296 1203 395 1279 enim
419 1201 572 1280 ciuitatis
597 1203 823 1280 Christianae
839 1203 1043 1280 Historiam

49 1303 433 1396 testemadvocant‚o
462 1303 593 1381 timum
611 1302 1043 1407 etsaniliffimumquem-
1107 1379 1110 1386 ,

57 1405 131 1500 uis,
155 1405 215 1509 qui
233 1406 369 1499 verbis,
393 1329 566 1506 fallitque
587 1407 716 1508 aregia
728 1405 957 1508 publicorum
973 1405 1044 1482 do-

10 1571 12 1590 ,
51 1507 205 1588 ‹flomm
226 1509 282 1585 vir
300 1507 473 1584 nonnihil
486 1503 735 1600 declinauerit,
759 1531 822 1586 aut
837 1505 1046 1599 tentauerit,

10 1675 12 1686 .
50 1611 194 1714 egerit,
227 1607 362 1686 dixerit
384 1607 517 1711 aliquid
539 1608 741 1685 rationibus
764 1609 973 1689 eorum‘vel
997 1609 1047 1698 ad
1272 1697 1276 1718 .

10 1761 12 1794 ;
52 1711 72 1790 l
114 1713 217 1792 ciem
231 1709 432 1805 aduersum,
460 1710 633 1800 conuitiis
647 1731 685 1786 et
694 1709 830 1787 iniuriis
847 1709 1045 1812 exquifitis-
1158 1732 1162 1748 '

10 1829 12 1918 ᾗ
116 1817 147 1894 's
170 1815 390 1904 laceratum,
425 1810 652 1916 opprellum‚
683 1809 840 1889 fortunis
857 1813 1045 1897 'omnibus
1096 1853 1100 1856 ·

10 1965 12 2010 ,
59 1939 222 2007 exutum,
249 1915 350 2016 igne,
372 1911 472 2006 fune,
499 1911 624 2016 gladio
639 1913 814 1991 sublatum
831 1911 910 1992 ess‘e.
986 1921 1045 1992 Ac
1112 1980 1115 1988 .

10 2015 11 2020 ‘
55 2044 106 2096 ne
127 2017 230 2095 forte
252 2015 379 2117 aliquis
403 2012 624 2092 venenosum
645 2015 747 2092 illum
764 2037 885 2092 tantae
901 2013 1061 2092 calami-¹

55 2123 146 2199 tatis
161 2117 304 2196 iontem
328 2115 507 2208 exaruille,
532 2120 833 2220 recentioresque
853 2116 1045 2219 magistros
1152 2169 1165 2198 κ

61 2219 242 2296 maiorum
265 2219 413 2321 vestigia
439 2216 628 2296 deseruisse
643 2220 828 2323 opinetur,
855 2245 902 2296 ex
916 2231 1057 2296 recem

10 2261 14 2450 Ι
61 2317 190 2398 tillimr
210 2321 366 2418 maxime
390 2320 566 2396 memoria
585 2321 685 2398 viros
708 2321 894 2424 inprimis
917 2341 1045 2399 acutos

57 2445 97 2500 et
120 2422 350 2500 venerabiles
371 2421 578 2508 nominant,
606 2423 670 2524 qui
690 2423 790 2500 hunc
811 2448 922 2500 vnum
940 2445 1044 2526 prae·

10 2567 12 2586 =
55 2521 354 2603 stantillimorum
376 2521 611 2601 consiliorum
636 2547 674 2600 et
700 2524 869 2602 laborum
888 2522 1046 2620 srueium
1103 2587 1107 2598 Α
1143 2565 1147 2575 ·

60 2621 242 2725 ceperint,
260 2649 298 2704 vt
320 2625 359 2701 in
379 2623 559 2702 summum
581 2625 733 2730 capitis,
749 2625 904 2704 honoris
927 2648 965 2704 et
989 2624 1046 2703 di·

58 2721 222 2829 gnitatis
235 2725 447 2827 discrimena
460 2727 679 2827 religionum
694 2729 921 2806 curatoribus
931 2725 1046 2806 addu-
1131 2743 1141 2765 2

55 2843 245 2907 cerenmr.
316 2829 468 2922 Satisne,
489 2829 600 2922 aiunt,
628 2831 852 2932 experientia
876 2851 949 2904 tam
965 2827 1045 2904 diu·
1125 2865 1128 2872 ·

54 2953 187 3013 turm,
209 2950 281 3006 tam
296 2929 478 3022 constans,
505 2951 580 3008 tam
594 2929 666 3007 late
682 2951 812 3032 patens
826 2928 971 3033 probat,
995 2925 1045 3006 sa·
1087 3021 1090 3026 ¹

54 3036 107 3111 ori
133 3027 277 3109 ordinis
296 3032 501 3110 inimicitias
523 3029 593 3132 suo
612 3034 653 3108 in
664 3055 802 3134 genere
816 3029 977 3134 expletas
993 3053 1046 3108 at-

58 3159 131 3236 que
165 3131 364 3212 cumulatas
389 3133 483 3224 effe,
524 3133 808 3237 ceterorumque
836 3131 1047 3210 mortalium

56 3236 156 3314 odiis
174 3235 292 3338 multo
307 3233 614 3338 pemiciofiores?
631 3237 775 3339 Qubus
793 3233 965 3314 omnibus
980 3260 1047 3311 co-

53 3335 182 3442 piose,
207 3361 297 3412 nam
317 3335 494 3414 facundos
515 3334 695 3414 iustilfima
720 3336 807 3414 facit
828 3335 1047 3439 indignatio,

55 3465 131 3517 nec
161 3431 234 3514 fine
282 3439 497 3534 uerimonia,
527 3436 716 3543 expostus,
743 3461 804 3517 aut
822 3437 887 3518 illo
912 3435 1046 3517 veteris

55 3543 198 3646 po'e'me
212 3538 248 3615 d'
287 3538 338 3618 σε’

194 3685 370 3762 Tantaene
381 3681 511 3762 animis
526 3681 720 3782 coelestibus
733 3685 836 3766 irae?

59 3829 272 3912 orationem
292 3833 509 3954 terminant,
530 3857 610 4016 app,
635 3829 658 3914 sr
683 3836 834 3917 Gallicis
858 3831 1056 3952 elegantiis„

516 3959 522 3970 ¹
621 3963 640 4034 5
932 3959 1048 4036 31¹³&ss
1208 3969 1215 3978 ’
1278 3995 1279 4010 ³

25 4064 36 4329 l
