2506 4362
153 174 410 325 evervini
436 238 509 320 un
533 237 897 332 arcessimus
918 309 925 324 .
947 253 1024 345 ψ

45 418 337 506 sedibusarce'ant
346 423 502 502 maximo
532 421 825 504 erelaudatisunt.
840 429 1015 508 Autnum

41 530 118 630 quis
134 523 490 606 lonetamaudaxe
529 545 608 616 ,vt
628 525 718 602 nihil
740 525 1014 606 interelleinter
1206 546 1209 562 ·

42 631 172 706 costum
188 650 227 706 et
241 625 466 727 inquinatum
482 621 632 702 dicendi
655 649 770 726 genus
784 647 945 714 tuentur,
972 651 1014 708 vt

39 727 183 808 horrida
203 747 240 804 et
254 725 399 829 barbota
410 725 585 802 vocabula
608 727 683 828 pari
700 751 784 804 cum
797 727 960 806 suaulbus
974 750 1015 808 et

36 829 201 910 amoenis
217 828 308 906 loco
329 823 453 907 versari
463 825 576 1004 polle
595 827 817 915 contendat,
850 851 889 906 vt
908 828 1017 906 deni·

31 957 110 1034 que
123 929 243 1024 riuum
265 926 392 1020 saxaet
406 923 464 1004 sor
490 947 529 1005 es
556 927 752 1008 vehentem
768 929 883 1008 altero
898 929 1015 1008 libere

30 1056 74 1109 et
92 1027 276 1108 cluriffime
296 1029 421 1107 fluenti
439 1049 524 1108 non·
545 1027 756 1108 inferiorem
769 1031 841 1109 elle
863 1031 1015 1110 statuat?

28 1137 79 1210 ln
98 1155 169 1234 qua
187 1127 299 1232 stquis
313 1128 566 1223 elisententia,
591 1126 670 1209 isse
686 1132 877 1226 omnibus,
901 1153 1013 1236 quot·

20 1326 22 1335 Ι
56 1255 304 1332 uotvmquam
322 1229 436 1318 hiere,
461 1231 718 1334 prudentibus,
738 1233 914 1338 imprimis
923 1259 1014 1314 cun·

29 1257 98 1412 dis
115 1351 281 1412 veterum
301 1329 537 1435 sapientibus,
569 1333 742 1413 aduersari
765 1333 867 1429 sciat,
895 1347 908 1386 ²
943 1359 1015 1414 uo·

30 1461 111 1512 rum
129 1434 267 1512 variaet
279 1431 505 1536 exquifitade
522 1459 608 1536 pura
626 1433 788 1515 didiune
802 1360 1024 1516 consedens

32 1535 74 1616 da
98 1557 288 1638 praecepta
302 1533 451 1614 exstant
513 1535 700 1639 Sigillatim
718 1539 822 1640 quod
842 1539 894 1616 illi
914 1563 1015 1618 non-

30 1661 230 1740 numquam
246 1636 376 1716 acerbe
393 1636 732 1740 reprehenduntur,
756 1641 842 1742 qui,
876 1662 925 1720 ne
939 1641 1014 1720 alio
1119 1637 1121 1646 ‘

28 1761 147 1816 voces
162 1736 262 1818 sensu
281 1738 537 1830 adhibeantur,
561 1763 671 1840 quum
686 1761 763 1844 quo
786 1763 927 1818 veteres
943 1743 1014 1822 illis

29 1839 76 1919 vsi
93 1837 716 1944 suut„diligentiffimeprouident,
739 1840 1019 1928 idabomnira-¹
1083 1843 1087 1854 '
1143 1896 1144 1904 x

27 1941 138 2020 tione
155 1941 314 2018 alienum
323 1941 385 2018 est.
442 1941 591 2018 Vocum
608 1943 706 2019 euim
722 1965 822 2022 verus
835 1943 1014 2023 notiones

31 2043 197 2121 mutandi
209 2041 354 2120 libertas
368 2065 451 2119 cum
468 2041 557 2120 nulli
578 2041 744 2122 concella
760 2045 833 2133 eli,
860 2065 960 2136 nam,
984 2043 1012 2126 fi

29 2139 143 2222 semel
158 2143 373 2238 inuoluerit,
400 2143 505 2222 miras
519 2142 593 2224 fine
608 2143 724 2224 dubio
737 2148 858 2224 mrbus
878 2147 1011 2226 excita-

28 2243 97 2323 bit.
145 2245 229 2326 Hac
242 2243 351 2326 semel
367 2241 674 2349 introdullaisqui
685 2271 847 2328 veterum
857 2247 1013 2330 assuetus

25 2347 87 2420 est
101 2343 435 2448 hgniheutionibus,
459 2347 553 2424 mule
565 2355 790 2428 recentiores
810 2351 1011 2454 intelliget,
1099 2401 1103 2412 ·

24 2445 101 2548 qui
117 2447 360 2526 recentiorum
384 2448 556 2526 notiones
576 2451 737 2553 recepit,
766 2449 935 2555 pellimus
948 2475 1012 2529 ve·
1089 2463 1092 2470 “

1 2644 2 2648 Ν
20 2566 154 2624 terum
172 2549 344 2651 interpres
359 2550 447 2636 erit,
473 2570 582 2651 utque
595 2551 690 2629 adeo
704 2551 903 2632 innumeris
916 2575 1011 2630 con-

17 2646 212 2726 troverliis
226 2672 263 2724 et
276 2650 727 2730 erroribuslocusdabitur.
776 2651 1009 2756 Qibusqui-
1128 2655 1131 2666 '

19 2749 115 2826 dem
132 2749 301 2852 profeclo
317 2750 492 2830 oboltum
502 2755 566 2854 qui
576 2755 1010 2855 propriasvocabulomm

21 2853 204 2930 notiones
226 2874 265 2930 et
289 2875 398 2932 erunt
422 2875 461 2930 et
484 2853 560 2930 eliis
588 2852 738 2934 trudunt
757 2852 1008 2933 obsemandas.

21 2953 122 3028 Non
141 2978 237 3056 opus
252 2953 323 3047 est,
344 2976 384 3032 vt
403 2954 442 3032 in
467 2977 594 3032 tetam
612 2953 796 3058 perspicua
819 2955 900 3060 plus
911 2977 1008 3033 tem·

18 3055 128 3155 poris
147 3053 380 3152 consumam,
404 3077 466 3134 aut
478 3055 636 3134 virorum
645 3055 841 3136 duetorem
854 3057 1009 3136 audon·

743 3214 747 3222 -
872 3158 1010 3241 tatibus

73 3303 87 3338 ¹
108 3296 201 3365 Exstat
214 3305 328 3386 elegunt
340 3297 443 3366 summi
463 3301 608 3386 quondum
628 3304 683 3366 viti
705 3292 1006 3366 moltonnum

110 3383 157 3448 sed
170 3389 303 3452 nondam
317 3389 422 3456 edim,
449 3391 562 3469 dapum
574 3389 692 3462 didiae
705 3389 783 3449 liber.
836 3387 897 3467 Qui
913 3377 1009 3466 prodet

104 3467 190 3530 dovr
206 3490 223 3532 e
239 3470 362 3534 “nebris
370 3471 398 3532 in
416 3470 507 3532 ladem
520 3469 713 3551 protrahatur,
728 3469 845 3532 Notolit
861 3467 1008 3533 nonnullis

103 3544 236 3628 edituis,
258 3549 424 3635 dignutesta
448 3549 534 3634 (lpse
549 3553 645 3634 paullo
657 3549 719 3633 poli
731 3551 1004 3612 obstetriciamhtnu

98 3653 221 3712 operum
236 3636 314 3698 bano
332 3635 406 3696 libro
421 3635 785 3716 munumentum
800 3651 908 3696 nomen
924 3633 1004 3696 librit

97 3717 184 3782 Dua.
191 3715 289 3798 Georg.
297 3717 468 3798 Morbtfiiale
477 3717 760 3796 praemonetur.
771 3717 813 3780 1⁰.
829 3715 915 3778 laur.
929 3715 1008 3776 Maa-

96 3797 209 3860 hesaias
217 3802 323 3878 edidit,
338 3813 423 3948 ffel
428 3797 559 3882 fitbiecip.
605 3794 1003 3884 mou—mpenliamuuen
1093 3825 1102 3834 -

102 3882 271 3971 nmina.
318 3888 331 3952 l
375 3890 404 3952 .l
