2538 4368
270 222 360 378 ιζ
503 289 1022 428 commentamur..

2 483 13 576 Ἰ
269 499 308 562 et
327 473 476 568 honesti
497 473 563 551 viti
585 464 727 554 nomen
745 456 828 552 tion
842 475 959 562 statim
976 475 1157 572 amittunt,
1183 481 1255 582 qui

199 653 205 672 ,
253 606 288 658 a
309 604 399 656 vero
434 575 620 656 nonnullis
649 577 690 656 in
715 577 824 673 rebus
848 575 1044 658 desciscere
1068 579 1255 678 dicuntur,

141 689 145 696 “
267 679 320 769 illi
344 705 424 758 non
446 675 696 774 considerant,
735 701 913 782 quantum
941 677 1037 758 inter
1061 681 1253 786 religionis

266 781 509 885 interpretum
541 803 580 860 et
609 779 761 858 aliorum
795 773 988 858 hominum
1020 808 1161 860 errores
1196 788 1254 862 in-

0 893 11 904 ‘
123 949 126 956 .
178 962 182 973 ,
268 881 375 960 tersit.
431 884 561 959 Errant
592 881 809 988 plerumque
835 905 873 960 et
895 880 968 958 fine
998 885 1256 1002 magno'alio-

267 1009 348 1062 rum
384 981 581 1074 ocriculo,
620 1005 657 1060 et
684 979 759 1060 stne
790 979 848 1062 sua
881 982 1040 1087 ipsorum
1064 985 1253 1092 msrgtriori

1 1129 9 1196 l
59 1109 68 1119 ·
125 1087 136 1106 ⁸
208 1083 424 1192 winfamia,
449 1082 513 1186 qui
536 1081 678 1160 vitiosas
700 1108 821 1162 rerum
836 1085 1060 1176 naturalium,
1088 1087 1250 1166 ciuilium

268 1211 307 1266 et
328 1187 562 1264 litteratarum
586 1182 761 1286 imagines
782 1188 820 1263 in
837 1185 979 1264 animos
993 1188 1249 1284 introducunt,

153 1357 155 1364 ,
294 1285 330 1365 ui
345 1289 418 1362 vim
433 1281 632 1362 sententiae
646 1308 706 1363 aut
723 1285 906 1390 dogmatis
921 1289 1107 1386 cuiusdam
1126 1291 1248 1369 Philo-

265 1315 407 1492 iophici
422 1412 502 1464 non
517 1385 594 1464 satis
612 1383 854 1488 allequutrtut,
881 1389 943 1492 qui
959 1391 1054 1469 rnale
1067 1393 1249 1472 narrando

266 1491 400 1570 sadum
422 1487 572 1590 aliquod
594 1487 850 1593 imprudentes
865 1489 1076 1609 deprauant²
1099 1517 1163 1573 aut
1186 1495 1252 1574 alia

146 1595 149 1601 ’
235 1603 245 1616 “
265 1594 322 1674 his
338 1611 492 1693 cognata
508 1589 763 1667 committunt:
791 1597 844 1708 At
858 1619 923 1696 qur
940 1593 1031 1670 viam
1042 1591 1158 1672 salutis
1173 1597 1251 1674 aliis

138 1721 142 1731 ¹
175 1739 183 1760 κ
265 1693 467 1773 monstrare
483 1689 557 1770 iuffi
573 1688 667 1786 sunt,
691 1691 806 1794 idque
829 1715 899 1770 rter
911 1693 970 1772 vel
986 1691 1051 1800 ipli
1064 1693 1249 1798 ignorant,

264 1797 323 1875 vel
341 1791 597 1872 aerumnosum
611 1817 650 1871 et
667 1791 994 1896 difficileteddunt‚
1018 1795 1078 1873 vel
1087 1796 1250 1900 denique

157 1969 159 1981 .
265 1897 456 1976 occultant
479 1918 517 1974 et
540 1893 694 1973 obscure
716 1893 914 2000 designant,
942 1895 1096 1975 illinon
1120 1899 1250 1982 iniuria

264 2025 344 2078 non
360 1997 478 2076 modo
492 1995 692 2100 turpiffimi,
717 2022 842 2076 vetum
860 1997 967 2074 etiam
984 1999 1162 2103 inprimis
1178 2027 1246 2078 no-

265 2102 317 2180 xii
330 2123 368 2178 et
385 2097 578 2203 pemiciofi
593 2121 773 2204 putantur.
810 2099 901 2176 Hoc
914 2123 1004 2202 ergo
1019 2099 1175 2204 primum
1189 2127 1247 2182 ta-

264 2223 342 2282 tum
360 2225 398 2280 et
410 2199 521 2278 fixum
538 2199 590 2293 stt,
614 2197 705 2278 illud
719 2197 1002 2278 aduersariorum
1018 2200 1157 2296 odium,
1171 2229 1247 2306 quo

264 2328 395 2404 magna
412 2301 553 2380 ordinis
567 2299 680 2379 nostri
692 2299 818 2405 portio
835 2299 991 2387 ducitur,
1018 2328 1098 2382 non
1114 2304 1250 2382 Theo-

263 2405 426 2506 logieum
448 2401 687 2494 autberum,
727 2397 796 2480 sed
818 2401 1020 2481 humanum
1043 2427 1081 2484 et
1096 2427 1249 2510 naturae

265 2507 405 2588 crimen
419 2503 628 2584 vocandum
648 2498 746 2582 elle..
779 2579 782 2598 ,
1218 2505 1220 2510 ’

319 2613 438 2688 Nunc
450 2607 497 2686 ad
511 2605 662 2708 caufflu:
685 2601 880 2708 inquibus¹
894 2605 1013 2684 oratio
1028 2631 1159 2684 eorum
1175 2632 1248 2714 po·

263 2707 435 2790 tillimum
459 2707 621 2786 exultate
641 2705 746 2801 solet,
772 2705 837 2822 qui
853 2732 924 2786 nos
942 2708 1109 2786 omnium
1126 2709 1250 2790 homi-

263 2813 428 2892 numito
457 2809 700 2888 otentillrmos
726 2831 764 2886 et
787 2807 1024 2911 miquiffimos
1043 2809 1137 2906 effe,
1175 2811 1251 2891 cla-

263 2937 375 2994 mant.
473 2914 595 3007 abent,
621 2911 731 3002 aiunt,
743 2908 1074 3015 plaeetenimipsos
1088 2912 1252 3018 loquen-

263 3039 320 3094 tes
336 3014 524 3106 inducere,
547 3013 684 3092 habent
699 3011 1127 3108 hocanaturamortales,
1142 3015 1253 3118 quod

262 3115 376 3196 illatus
391 3115 453 3197 fibi
469 3115 612 3194 iniurias
622 3113 815 3218 depellunt
831 3135 869 3192 et
883 3139 1006 3192 retum
1023 3112 1162 3194 suartuu
1179 3117 1255 3196 ho-

100 3249 108 3258 ·
153 3257 158 3267 »
262 3219 335 3296 stes
350 3217 544 3296 inuadunt:
594 3219 735 3295 Verum
750 3213 826 3292 hoc
839 3213 977 3294 habent
993 3213 1251 3298 fiueavecor·

263 3319 346 3412 dia,
384 3317 459 3400 srue
482 3319 526 3398 ab
546 3315 749 3435 arrogantia
771 3339 810 3394 et
832 3315 1049 3396 dominandi
1073 3317 1249 3414 libidine,

157 3431 162 3442 '
261 3417 337 3500 fiue
358 3422 399 3496 ab
424 3421 499 3498 aliis
520 3417 698 3502 intestinis
715 3415 895 3496 vlceribus
909 3419 1114 3524 Theologi‚
1167 3419 1254 3498 uod

261 3521 424 3602 hostium
439 3523 583 3602 suorum
597 3525 751 3600 nomine
769 3545 900 3597 omnes
909 3447 1252 3628 comprehendunt,

262 3624 326 3726 qui
351 3623 474 3728 paullo
500 3625 613 3720 aliter,
641 3647 750 3726 atque
773 3619 849 3724 ipli,
871 3622 979 3700 dere
1000 3623 1093 3702 sacra
1116 3623 1253 3704 decer-

261 3749 357 3804 nunt
374 3747 411 3804 et
423 3725 618 3805 immensae
630 3722 893 3830 indignationis
904 3729 1090 3804 materiam
1106 3753 1153 3803 ex
1170 3725 1254 3804 leui

263 3825 479 3910 dillensrone
494 3826 656 3914 eliciunt.
734 3823 893 3906 Labatur
915 3823 1014 3908 sorte
1030 3827 1161 3934 uliquis
1178 3825 1256 3943 ser-

212 3950 238 3966 “’
1116 3953 1251 4010 monis
