2580 4360
1065 299 1078 337 ς

268 278 810 444 communen-Tro
837 366 845 472 j

42 505 1040 746 ωηοΤΗΕΠὸιοριεο.’ι

5 953 7 984 .
128 907 222 986 obiit
237 903 342 1022 saepe
355 905 656 993 animummeum
672 905 810 1015 diuque
822 905 1041 984 tenuitbaeo
1147 915 1151 926 '

5 1045 7 1108 q
155 1009 345 1111 cogitabo,
370 1007 471 1086 unde
487 1008 524 1087 id
539 1007 591 1100 fit,
616 1009 735 1114 quod,
762 1035 876 1112 quum
893 1007 1040 1084 vniuer-

5 1153 6 1186 l
161 1109 497 1212 saTbeologorum
518 1114 611 1192 ratio
632 1110 727 1190 vitiis
750 1133 788 1190 et
810 1109 949 1188 morbis
970 1110 1041 1186 hu·
1083 1135 1090 1144 ’
1167 1153 1170 1162 .

51 1213 160 1296 mani
176 1211 312 1312 generis
329 1210 496 1316 opposta
512 1211 566 1302 sit,
586 1211 676 1288 nulli
690 1234 812 1290 tamen
828 1211 986 1315 plurium
1002 1232 1041 1287 et

52 1313 267 1421 grauiorum
288 1315 506 1391 morborum
527 1336 565 1390 et
588 1313 777 1406 vitiorum,
809 1339 881 1389 neo
902 1313 946 1389 ab
969 1311 1048 1398 illis
1185 1399 1192 1406 ἱ

51 1435 217 1503 tantiam,
240 1413 381 1516 quibus
395 1439 537 1492 nomen
556 1415 744 1518 religionis
760 1415 957 1492 molestum
973 1411 1039 1505 est,
1134 1417 1138 1426 ’

49 1540 186 1597 verum
200 1515 305 1592 etiam
320 1515 476 1602 abonis,
501 1515 721 1694 sapientibus
735 1538 773 1594 et
789 1514 969 1618 sagacibus
986 1518 1040 1592 vi-

51 1623 115 1712 ris,
140 1639 351 1718 arguuntur,
376 1621 538 1718 quamT
566 1618 701 1718 eologi
762 1619 838 1722 Qai
853 1615 1040 1694 accusato·
1088 1626 1090 1636 ’
1132 1690 1134 1698 Α

5 1771 7 1810 ,
51 1747 113 1802 res
133 1719 159 1798 si
181 1719 258 1796 hoc
279 1715 461 1796 sibi‘credi
476 1718 622 1806 vellent,
649 1719 747 1812 inter
760 1743 880 1799 rerum
897 1717 1039 1796 diuina·
1160 1763 1163 1768 ι

5 1811 6 1854 ³
57 1847 140 1900 tum
151 1821 373 1923 interpretes
387 1843 467 1897 non
481 1844 562 1898 raro
586 1845 759 1924 apparere
774 1821 944 1896 homiues
958 1817 1040 1896 offi·
1090 1907 1092 1917 Ι

58 1923 108 2000 cii
126 1919 178 2005 sui
198 1925 439 1998 immemores
461 1943 500 1998 et
520 1944 666 2010 naturae
685 1919 809 2025 potius
834 1945 943 2024 praua
964 1917 1040 1996 sua-

5 2083 7 2136 ,
55 2025 193 2115 dentis,
210 2047 322 2124 quam
340 2021 485 2099 diuinae
498 2021 589 2122 legis
606 2047 644 2100 et
656 2023 774 2121 reslae
788 2021 938 2111 tationis
954 2021 1041 2098 voci

5 2149 7 2220 l
56 2128 373 2227 obtemperantes,
399 2123 489 2202 nihil
504 2123 674 2204 afferrent
687 2124 919 2226 inopinatum
934 2146 972 2200 et
984 2117 1042 2200 iu·

5 2235 6 2250 ¹
54 2228 195 2317 solens,
217 2225 325 2320 nihil,
352 2224 455 2325 quod
477 2225 621 2328 aliquis,
648 2221 1057 2314 nis1·stultemorosus,.

5 2315 8 2460 l
53 2317 283 2409 recusauerit
361 2327 415 2404 Ex
436 2327 570 2407 eodem
593 2327 784 2420 nimirum,
812 2353 888 2430 quo
910 2325 1041 2428 reliqui

5 2487 7 2490 -
54 2429 244 2522 mortales,
269 2429 346 2504 luto
359 2425 434 2504 fiili
447 2427 530 2506 sunt
541 2428 685 2506 diuinae
702 2426 895 2532 sapientiae
907 2427 1043 2508 doslo-

55 2560 129 2625 res,
156 2555 233 2609 nec
253 2553 383 2606 omnes
403 2529 441 2606 in
463 2527 498 2607 se
520 2529 602 2634 ipsis
625 2529 838 2634 castigandis
857 2531 936 2608 satis
957 2529 1041 2607 dili-

5 2599 7 2722 l
53 2652 218 2756 gentes:
242 2653 347 2729 quare
364 2629 497 2708 mirum
518 2630 656 2732 nemini
679 2631 795 2708 videri
810 2628 943 2722 ¹debet,
969 2653 1042 2708 nec

5 2727 7 2804 Ι
50 2752 249 2818 intereos
263 2727 383 2825 deesse,
407 2732 446 2810 in
466 2733 597 2836 quibus
618 2739 810 2836 potentior
824 2731 962 2836 cupido
971 2732 1042 2818 est,

5 2923 6 2926 a
53 2857 177 2943 quam
202 2829 294 2908 illud
316 2831 421 2928 boni,
451 2833 614 2937 reuique
637 2831 814 2926 studium,
844 2832 949 2936 quod
976 2829 1042 2922 ipsi

5 2931 22 3018 f·
53 2943 134 3020 Dei
153 2932 274 3012 verbis
288 2936 392 3031 unice
408 2935 680 3014 commendant.
753 2937 843 3012 Hoc
858 2935 967 3011 etiam
980 2933 1043 3010 de·

5 3047 18 3100 ³·
52 3067 150 3132 mus,
178 3039 231 3112 vti
250 3037 405 3140 quilibet
424 3038 521 3116 ordo
542 3035 609 3116 suis
630 3036 754 3116 sordet
768 3035 927 3130 maculis,
952 3059 1042 3137 quas

5 3119 7 3178 l
54 3143 120 3220 vel
131 3136 326 3231 institutio,
352 3137 410 3216 vel
429 3143 524 3218 vitae
546 3140 616 3233 lex,
642 3141 700 3218 vel
717 3139 892 3218 maiorum
908 3161 1042 3230 mores,

5 3211 20 3347 ll
51 3241 115 3321 vel
128 3239 568 3348 ipsadeniquedisciplina
577 3242 709 3346 gignit:
726 3243 781 3321 ‘ita
792 3243 900 3320 etiam
909 3239 1043 3319 Theo·

5 3341 18 3466 ζ
53 3347 234 3450 logorum
254 3341 443 3448 'plerisque
462 3343 572 3422 inesse
585 3344 777 3448 quaedam,
801 3369 882 3422 non
896 3368 941 3421 ex
954 3363 1040 3421 toto

5 3467 32 3573 l⁸
530 3451 614 3528 Aa
889 3445 1044 3550 quidem

29 3640 35 3653 ,
90 3583 112 3624 ⁸
137 3581 226 3655 Fuit,
246 3579 339 3647 neseio
354 3586 429 3668 quis,
449 3585 673 3671 Non'mbergae,
700 3579 750 3670 qul
773 3585 969 3653 transferenda
990 3589 1044 3654 bat

33 3700 37 3715 =
138 3669 384 3733 commentatione
406 3671 437 3732 in
457 3673 586 3754 linguam
607 3673 782 3732 vernamlam
801 3673 874 3736 bene
888 3675 925 3738 de
939 3671 1044 3736 nostrie
1134 3697 1141 3704 ·
1227 3744 1230 3753 ¹

29 3768 35 3781 ·
135 3747 307 3813 bominibus
318 3753 441 3816 meritus
455 3753 503 3815 esi.
546 3756 632 3816 Num
647 3751 783 3816 sermonis
799 3756 985 3819 terohabitus
1000 3755 1062 3818 ds.

33 3846 39 3869 ¹
136 3849 220 3916 gnus
233 3829 295 3894 satia
308 3831 342 3896 sit
355 3835 513 3900 Mosbemii
523 3837 657 3918 ingenio,
680 3853 708 3898 et
720 3836 834 3900 dicendi
849 3841 907 3902 vim
926 3851 966 3901 ae·
981 3840 1043 3924 pul·
1125 3865 1133 3896 .·

134 3911 312 4010 eritutlinem
325 3915 446 3981 feliciter
455 3917 618 4002 expresserit
640 3917 715 3982 fidus
726 3923 872 4000 interpres,
891 3940 957 3991 tum
970 3920 1044 3984 illoti

134 4013 301 4066 “muare
315 4019 378 4070 nou
391 4003 513 4080 buerit,
532 4001 724 4088 ego-quidem
738 3999 842 4068 tresdo·
996 4001 1045 4069 M·
1075 3999 1079 4016 '
