2580 4360
230 258 429 410 'xrvur
534 237 537 242 ’
581 227 963 388 ΡκΑΕΕΑἬοῖ

109 521 121 582 .·
265 469 305 565 se
326 472 404 561 elle
425 462 680 578 existimant,
724 471 924 584 propriae‘
943 465 1179 556 mlamittnis
1217 498 1268 570 er

266 593 352 674 eius
378 577 552 700 quidem
570 585 769 671 tristioris·
787 581 915 668 caussa
939 579 1084 667 euadit.
1180 583 1265 674 Ex

266 700 481 787 harenirn
504 695 813 782 contemtiffima
839 693 948 784 tribu
968 719 1103 808 quum
1121 693 1268 810 pleri·

268 838 353 927 que
376 807 434 893 illi
451 806 552 909 sint,
593 809 733 920 quiin
757 805 943 890 Cnurrrr
971 807 1092 912 eastra
1122 831 1265 896 trans-

266 943 389 1026 eunt,
411 942 517 1008 ¹tum
540 917 640 1002 illud
660 917 724 1024 fit,
759 939 804 1002 vt
823 919 945 1002 ceteri
968 932 1124 1002 nornen
1140 921 1264 1032 ‘dare

266 1033 327 1121 Re
358 1028 535 1116 inostro
564 1025 824 1134 auersentur,
870 1032 936 1116 eui
968 1028 1129 1142 placere
1163 1057 1264 1123 tam

265 1141 330 1234 sor
362 1142 415 1229 'di
429 1165 470 1228 et
486 1141 558 1228 fibi
574 1141 702 1250 exosi,
735 1137 900 1229 subiefili
917 1163 1082 1258 queant.

327 1365 548 1474 Alterum,
583 1338 699 1482 quod
720 1365 921 1481 euangelii
944 1364 1108 1458 cursum
1130 1369 1255 1480 pelli-

123 1495 131 1502 '
209 1517 214 1524 ·
269 1475 558 1584 niemorntur,
592 1478 1044 1566 obstaculumestmale
1063 1475 1256 1586 sentilla,

254 1591 555 1706 ‘superstitionis
569 1613 775 1694 tutorum,
808 1588 988 1678 sollertia.
1056 1589 1113 1677 Vt
1128 1596 1256 1682 enim

150 1743 182 1764 ,.
269 1707 327 1791 est
349 1705 530 1791 humana
552 1729 669 1790 mens
699 1699 910 1788 infeliciter
941 1706 986 1790 in
1015 1703 1255 1836 perniciem

268 1813 381 1916 suurn
396 1812 629 1931 ingeniosa,
672 1818 724 1900 ita
744 1813 941 1900 litaminis
966 1815 1045 1900 illis
1066 1817 1110 1900 in
1126 1840 1253 1902 exco-

270 1928 446 2044 gitandis
474 1925 587 2013 millis
621 1927 802 2030 artibus,
837 1926 997 2123 puibus
1035 1949 1254 2033 tueantur,

271 2044 375 2155 quin
399 2043 793 2168 exornentputitam
823 2041 835 2122 i
866 2039 1116 2126 olomuniatn
1144 2039 1255 2128 nihil

113 2125 115 2132 ’
170 2141 177 2162 ‘
270 2151 350 2238 elle
363 2149 495 2264 potest
510 2173 674 2236 acutius.
747 2149 1056 2236 Commendant
1076 2151 1251 2240 nustria

269 2264 511 2349 Cunrsro
534 2257 816 2376 praescriptum
834 2259 996 2348 colendi
1012 2261 1109 2348 Dur
1130 2269 1253 2350 ratio-

270 2381 391 2460 nenl:
423 2371 646 2458 admiratur
659 2373 789 2460 humo
803 2371 919 2460 vafer
941 2376 1185 2462 maiestatem
1204 2401 1252 2462 tt

270 2483 590 2602 pulcritudinem
616 2481 737 2570 huius
756 2481 997 2599 sapientiae,
1044 2471 1249 2574 laudibus·

270 2623 355 2712 que
378 2621 471 2682 earn
493 2595 702 2682 interdurn
719 2612 856 2684 ornati
933 2599 1012 2704 At,
1054 2625 1160 2686 num
1182 2599 1253 2686 ad·

271 2731 386 2824 0ptat
399 2731 615 2822 propterea
631 2709 767 2795 illum?
794 2711 974 2796 Minime
987 2709 1029 2795 id
1044 2716 1255 2826 gentium.

128 2899 137 2906 .
272 2817 644 2938 Accpnrmodrtnm
664 2822 812 2907 iudicat
831 2823 1147 2936 Europaeurum
1173 2846 1256 2908 ter-

259 2937 327 3020 ·ris
350 2956 510 3020 tantum
533 2933 610 3018 elle
639 2955 680 3019 et
707 2937 909 3047 ingeniis,
949 2935 1114 3050 reliquis
1143 2957 1251 3022 vero

273 3066 475 3130 terrarum
495 3044 636 3132 incolis
657 3073 734 3131 nee
755 3069 891 3242 atharn
911 3041 1022 3150 satir,
1044 3071 1131 3138 „nec
1152 3071 1253 3176 pro·

275 3153 515 3242 ficuamelle
530 3152 724 3244 futuram.
823 3155 1026 3265 elediatur,
1061 3183 1250 3245 exuren-

275 3289 317 3350 te
329 3263 584 3382 philosophi,
625 3293 698 3354 rex
722 3266 787 3354 ille
809 3270 985 3356 vniuerlr
1001 3269 1110 3360 urbis
1126 3293 1247 3356 terra·

277 3401 374 3464 rum
396 3375 508 3464 vario
526 3379 602 3466 isto
619 3379 773 3466 ciuium
797 3379 909 3466 cultu
931 3378 1099 3470 suorum
1121 3405 1160 3468 et
1180 3407 1252 3468 eu·

192 3527 202 3544 =
277 3491 424 3606 iusque
445 3493 577 3604 gentis
602 3495 755 3606 pietatis
777 3485 828 3578 ad
848 3489 1005 3580 sensum
1019 3492 1139 3582 suum
1152 3521 1254 3580 con·

275 3595 495 3704 fonntue,
529 3601 652 3699 cultu.
736 3603 1074 3719 Superstitionem
1098 3601 1256 3692 abomi-

280 3711 460 3800 nandam
485 3710 651 3803 damnet
666 3721 694 3802 l.
712 3715 760 3803 G
778 3722 965 3822 nuntius,
1001 3741 1043 3805 et
1065 3713 1117 3804 ab
1135 3721 1257 3804 ornni

279 3827 434 3916 ratione
455 3821 767 3924 teutlandum
788 3829 866 3918 elie
889 3827 1073 3919 defendit
1093 3831 1261 4026 radpni·

1001 4019 1007 4026 .
1196 3967 1260 4028 us.
