2458 4340
202 199 296 346 '234
316 241 389 350 ua
414 209 696 360 uopmnma'
721 189 1118 324 aomsuunoms

116 426 118 445 '
148 476 151 484 ·
174 463 177 471 Α
211 426 357 506 strusam
371 425 454 505 sane
472 451 513 506 ea
531 427 646 530 longe
661 453 680 504 a
695 425 957 532 plerommque
977 428 1184 508 mortalium

209 529 449 632 intelligentia
487 535 686 618 remotam,
714 553 812 631 quae
836 529 886 608 de
910 528 1037 634 primis
1066 557 1182 608 rerum

209 632 378 708 omnium
393 629 515 708 cauffis
531 631 804 718 marcionibus,
831 631 881 708 de
902 634 1079 717 aeternis3
1107 633 1177 710 iusti
1210 641 1211 728 i

210 753 250 832 et
269 731 414 809 honesti
434 733 656 834 originibus,
681 731 737 822 de.
751 730 944 810 voluntate
962 733 1060 819 Dei,
1089 758 1173 812 cete·
1210 739 1211 760 ¹

204 834 328 935 risque
344 835 421 912 eius
433 834 619 914 immensis·
629 833 938 935 perfectionibus,
963 831 1012 910 de
1034 857 1175 935 genera

207 934 302 1012 iibus
315 959 445 1010 eorum
453 985 467 1022 ,
482 959 574 1036 quae
588 959 673 1012 vere
690 931 773 1012 sunt
788 956 827 1012 et
841 934 1012 1021 existunt,
1025 933 1179 1014 affeciie

207 1035 336 1122 nibus,
369 1035 418 1112 de
443 1035 697 1138 prouidentiae
725 1058 871 1126 natura,
902 1035 951 1115 de
981 1037 1181 1114 animorum

167 1200 171 1212 ,
207 1136 338 1214 indole
350 1163 393 1214 ac
407 1136 560 1223 viribus,
584 1135 1056 1240 fimilibusqueargumentis
1075 1138 1177 1216 subti-

204 1233 332 1317 lisfime
353 1237 496 1318 disserit.
557 1239 646 1316 Satis
666 1237 777 1316 habet
797 1235 997 1318 multitudo
1020 1239 1175 1342 praesidi

187 1337 252 1428 .ad
279 1364 337 1422 res
357 1337 431 1418 suas
451 1337 655 1443 prudenter,
670 1339 849 1443 agendas,
874 1339 920 1418 ad
940 1341 1050 1426 vitam
1066 1341 1175 1418 sande

206 1463 245 1519 et
260 1439 451 1519 moderate
475 1440 701 1530 ducendam,
727 1442 772 1519 ad
795 1441 892 1518 bene
907 1440 1089 1543 beateque
1102 1467 1176 1518 me

17 1585 18 1592 κ
105 1570 107 1581 ·
175 1542 398 1647 griendum,
422 1543 446 1620 fi
474 1566 613 1620 tantum
645 1541 777 1620 dehis
798 1542 906 1620 nouit
932 1563 973 1620 et
992 1543 1173 1644 intelligit,

204 1663 383 1748 quantum
405 1643 560 1761 supremi
579 1644 788 1724 numinissa
816 1645 947 1734 ientia,
968 1643 1070 1722 libris
1094 1639 1170 1724 iiiia,

50 1759 52 1768 “
206 1769 303 1846 quos
318 1745 492 1824 diuinrtus
509 1743 663 1824 didatos
684 1745 756 1826 eise
786 1746 924 1836 cimus,
954 1746 1169 1852 aperirem

188 1845 261 1926 uis
275 1847 479 1929 consultum
499 1848 682 1932 iudicauit.

187 2050 220 2109 f
238 2034 359 2132 'Plura
379 2045 404 2128 n
426 2053 658 2155 perceperit,
682 2047 839 2156 primum
859 2046 931 2138 illi,
965 2051 1030 2168 qui
1051 2047 1172 2128 autin·

157 2232 161 2240 ,
207 2154 320 2256 genio
342 2158 443 2258 iupra
467 2175 612 2229 ceteros
642 2153 825 2243 eminent,
859 2175 921 2230 aut
935 2177 1093 2230 eminere
1114 2146 1173 2226 sbi

204 2253 395 2339 videntur,
419 2251 697 2355 quaestiunculis
719 2277 758 2332 et
781 2253 817 2332 se
837 2275 876 2333 et
890 2252 978 2332 alios
998 2251 1168 2352 exagitare

204 2355 407 2457 incipiunt:
436 2353 485 2432 de
515 2355 639 2433 multis
663 2353 800 2434 deinde
824 2351 1097 2456 grauiffimisque
1119 2373 1172 2426 re·

151 2467 152 2474 '
204 2456 273 2536 bus
287 2455 808 2561 imperiteacconturbatedis
825 2477 932 2536 utant
947 2481 985 2536 et
999 2455 1171 2542 dubitant,

204 2583 339 2678 porro,
364 2583 557 2661 quaerere
579 2559 727 2638 etbene
747 2481 842 2640 dida
857 2556 961 2646 sunt,
986 2579 1170 2662 perperam

140 2681 143 2692 ·
203 2664 487 2764 mterpr'etanmr
508 2660 604 2738 etad
620 2665 715 2740 vitae
730 2659 989 2762 adionumque
1009 2652 1168 2764 perrari-

204 2785 320 2842 mtem
343 2761 579 2840 excusandam
602 2761 828 2840 audaciffime
847 2759 1014 2849 trahunt,
1040 2755 1169 2864 postte·

50 2922 52 2931 ·
204 2891 271 2944 mo
285 2863 428 2942 scientia
452 2861 508 2942 sua
525 2863 611 2942 elati
631 2863 829 2970 fimplicem
850 2864 947 2942 iliam
967 2859 1171 2940 etsandam

203 2963 448 3086 disciplinam3
472 2989 580 3068 quam
596 2965 751 3046 cxlibris
766 2963 986 3044 coelestibus
998 2961 1170 3042 sacromm

17 3127 19 3134 .
67 3137 71 3154 ,
203 3067 377 3156 mimstri,
397 3089 580 3244 promunt
599 3089 639 3146 et
659 3091 900 3171 proponunt,
924 3065 1168 3170 aspernantur,

32 3851 36 3859 .
72 3873 77 3882 .
175 3775 405 3886 ‘vbusflmduis
426 3799 473 3873 etp
487 3779 757 3884 vulgipaptum
770 3777 996 3881 fugientibus
1012 3777 1166 3856 i'enuone

205 3193 280 3246 nec
294 3167 377 3255 fibi,
424 3165 607 3246 ominibus
633 3167 887 3248 scilicetvafris
902 3190 941 3246 et
963 3167 1097 3256 acutis,
1120 3155 1173 3242 sed

161 3315 162 3321 κ
201 3270 325 3370 plebi,
350 3267 517 3374 scriptam
542 3268 613 3348 esse
632 3291 807 3374 pugnant.
884 3269 1101 3354 Testamur,
1127 3287 1169 3340 ne

145 3436 151 3450 .
203 3375 285 3470 quis
302 3371 393 3448 haec
406 3395 545 3450 temere
560 3369 635 3448 dici
648 3395 775 3489 putet,
799 3393 1012 3476 temporum
1035 3367 1166 3462 nostre

203 3493 284 3548 rum
301 3471 492 3554 historiam.
541 3473 702 3576 Ecquid,
727 3471 905 3568 obsecro,
926 3487 1167 3576 quantumque

157 3669 165 3678 θ
200 3570 363 3650 felicitati
388 3577 607 3653 Germaniae
625 3576 771 3654 nostrae
789 3574 958 3664 accessit,
1010 3573 1166 3676 ostquam

202 3671 269 3752 viri
285 3697 420 3773 magno
436 3701 474 3756 et
496 3675 700 3758 excellenti
710 3677 863 3780 ingenio
877 3701 963 3782 prae
993 3677 1033 3754 iti
1055 3675 1101 3754 de
1120 3691 1167 3748 re·

1044 3861 1165 3990 ipopuii
