2580 4360
136 347 139 354 -
231 315 254 386 ε
493 297 975 424 COMMENTATIQ
1026 347 1029 363 ι
1071 413 1074 428 ¹

11 491 17 516 “
124 519 155 586 ’,
222 481 345 564 ,sellae
359 437 495 570 studio,
518 457 732 589 ponderaui.
781 484 943 592 Sicergo
958 485 1093 564 statuo:
1119 487 1213 564 Pec·
1283 539 1284 588 3

128 637 134 652 .
232 611 292 680 car
307 587 464 675 omnino
479 587 575 664 haud
589 587 720 665 leuiter
735 587 1215 688 non‘minimapalseorum²
1283 591 1284 680 f

229 689 481 792 quoe‘parcius
502 689 631 766 ceteris
644 687 857 766 hominibus
870 713 1023 792 peccare
1036 677 1213 767 decebat:

229 789 346 868 addo:
371 791 525 892 turpiter
546 790 695 894 quidam
717 787 753 866 ἃ
773 788 1022 892 ignominiose.
1039 813 1218 894 peccant:

184 919 189 936 ·
231 891 415 1000 atrociora
442 917 532 990 yero
558 913 597 978 et
623 889 814 993 insigniora
835 891 1060 992 reliquorum
1087 893 1219 970 homi.

231 1019 321 1070 num
345 993 484 1070 morbis
509 993 571 1094 qui
591 993 711 1070 nostra
733 989 896 1069 indicant
917 992 986 1070 else
1014 991 1217 1093 dedecora,

233 1095 273 1174 hi
289 1093 459 1186 viderint,
485 1119 533 1170 ne
558 1092 783 1170 acutenimis
798 1116 961 1188 cernant,
986 1117 1024 1171 et
1037 1091 1217 1172 infeslan-
1283 1093 1284 1100 '

172 1243 179 1268 a
233 1195 289 1272 dia
311 1196 461 1272 aliorum
486 1194 580 1311 vitria
600 1191 663 1298 ipsa
686 1193 911 1272 vitiofifiant.
975 1198 1213 1298 ¹Communia
1283 1237 1284 1246 κ

211 1297 426 1386 babemus,
452 1321 545 1404 quae
565 1321 603 1373 m
623 1295 732 1373 nobis
752 1298 1015 1400 vituperantur,
1042 1322 1125 1374 cum
1149 1297 1213 1376 illa

232 1499 396 1578 motibus
417 1495 504 1574 obse
532 1522 645 1575 uitur:
671 1499 837 1600 Longius
855 1525 943 1578 vero
961 1499 1091 1602 ceteris
1107 1500 1218 1596 aber-

231 1625 311 1680 rare
329 1599 494 1684 videmur
506 1525 596 1678 duas
613 1601 766 1676 maxir'ne
779 1623 933 1705 propter
948 1600 1086 1679 caull'as.
1137 1601 1218 1680 Pri-

232 1727 335 1778 mum
358 1701 557 1804 Theologi¹
577 1699 815 1804 appellamur:
857 1701 962 1806 quod
991 1702 1214 1782 vocabulrun

232 1803 407 1906 quoniam
430 1802 619 1881 ardiorem
643 1828 729 1880 cum
752 1804 850 1896 Deo,
874 1803 1057 1906 rebusque
1077 1801 1220 1890 diuinis

66 1431 73 1443 „
134 1399 164 1486 s
232 1397 483 1488 multitudine,
506 1423 600 1512 quae
623 1395 839 1476 turbulentis
853 1397 1046 1501 degeneris
1061 1414 1218 1478 naturae
1283 1393 1284 1398 ‘

232 1902 536 1981 consuetudinem
556 1905 714 1995 indicat,
740 1929 806 1982 eos
823 1896 954 2000 etiam,
976 1906 1107 2008 quibus
1128 1930 1219 2007 pro·
1283 1919 1284 1948 l

232 2007 352 2108 prium
375 2006 445 2097 est,
473 2005 641 2108 longius,
666 2031 777 2092 auam
797 2006 867 2096 alii,
896 2007 1149 2085 actionnibus
1173 2031 1214 2086 et

232 2109 365 2210 quauisf
383 2107 493 2184 animi
514 2109 574 2185 trit
600 2109 741 2187 itudine
764 2107 881 2184 abesse
901 2107 1050 2202 debere,
1081 2107 1103 2186 fi
1131 2105 1212 2186 nifi‹

144 2209 154 2223 '
233 2231 300 2284 car.
351 2134 1215 2388 Deindeinaliorumperuersrtarem„quodmu-

232 2312 331 2386 neris
351 2311 409 2386 lex
430 2309 541 2394 iubet,
569 2309 688 2388 diserti
720 2335 837 2404 umus,
862 2337 1029 2416 quosque
1045 2309 1217 2390 videmus
1283 2359 1284 2374 ι

231 2407 333 2488 secus
353 2435 473 2522 agere,
497 2432 606 2512 quam
628 2413 721 2488 ratio
742 2409 812 2490 sert
832 2435 870 2490 et
886 2411 1010 2493 diuina
1032 2413 1213 2502 voluntas,
1283 2505 1284 2508 Ἴ

82 2527 85 2542 ’
141 2540 149 2556 ·
231 2511 363 2588 acriter
384 2534 421 2588 et
442 2511 559 2588 libere
581 2513 803 2616 castigamus.
853 2514 913 2592 Sic
934 2537 1023 2592 vero
1046 2539 1065 2590 a
1085 2533 1213 2590 natura

230 2611 310 2690 fere
332 2637 584 2716 comparatum
609 2615 673 2707 est,
699 2637 739 2694 ut
761 2637 835 2692 tam
858 2639 911 2708 ea,
935 2641 1031 2719 quae
1052 2614 1151 2692 rede
1172 2635 1219 2694 et

231 2713 379 2812 ordine,
406 2739 513 2816 quam
535 2740 627 2816 quae
649 2740 840 2820 perperam
862 2715 967 2810 siunt,
991 2715 1036 2794 ab
1057 2713 1221 2810 aublori-

230 2817 301 2894 bus
323 2813 390 2932 suis
413 2815 562 2920 pondus
582 2815 772 2920 quoddam
794 2839 905 2934 atque
921 2819 1223 2898 aestimationem

172 3004 178 3024 Ι
230 2917 424 3021 accipiant,
448 2940 486 2995 et
501 2919 557 2996 vel
572 2919 677 2996 laude
694 2919 834 3014 maiori,
861 2915 1224 3022 velreprehensrone
1283 2995 1284 3010 Ν

375 3043 434 3112 ro
454 3019 545 3098 statu
571 3044 609 3098 et
630 3019 849 3098 conditione
870 3045 1018 3114 eorum,
1040 3045 1059 3098 a
1078 3017 1223 3122 quibus

229 3017 525 3212 {libidinatum
552 3121 623 3198 else
637 3122 835 3200 videantur.
909 3123 1034 3230 Qate
1047 3119 1150 3224 quod
1166 3120 1223 3208 ab
1283 3131 1284 3188 Ὺ

228 3219 299 3307 illis
314 3221 470 3298 alienum
483 3215 920 3326 abofficioproficiscimt,
944 3223 1221 3326 aquibusprae-

230 3321 322 3398 clara
337 3322 485 3423 quaeuis
500 3347 574 3400 ete
601 3325 695 3426 regia
713 3323 972 3428 exspoliantur,
995 3324 1034 3403 id
1056 3318 1217 3402 detesta-

229 3417 304 3500 bile
324 3422 487 3523 inprimis
508 3449 546 3501 et
567 3347 669 3528 srpra
690 3451 843 3504 omnem
859 3426 1013 3506 modum
1027 3449 1136 3530 turpe
1148 3423 1217 3500 ha-

229 3523 358 3614 betur,
388 3525 578 3604 mediocre
600 3527 688 3606 licet
707 3525 857 3606 fortassis
876 3525 935 3620 stt,
967 3553 1039 3608 nec
1061 3523 1167 3604 valde
1189 3547 1220 3604 a
1283 3529 1284 3556 l

229 3623 922 3728 quotidianaconsuetudineremotum:
944 3629 1223 3733 thuodprae-

218 3753 274 3804 .ce
302 3728 347 3804 tis
360 3725 429 3805 suis
444 3729 663 3810 contrarium
672 3731 831 3809 admittit
844 3731 927 3808 artis
941 3729 1129 3810 cuiusdam
1138 3753 1230 3807 ma·
1283 3815 1284 3830 Ν

230 3830 265 3934 g'
300 3853 363 3924 er,
396 3829 536 3910 tametsi
560 3831 646 3931 leue¹
662 3855 722 3914 aut
744 3831 935 3913 modicum
941 3887 955 3930 a
978 3831 1083 3936 quod
1111 3827 1225 3910 casus

1112 3929 1224 4012 sorte
