2506 4362
232 214 309 296 ’κισ
403 187 624 294 ututur.
642 211 719 344 sun
743 183 1048 294 cataneus

37 445 39 460 ι
78 445 81 450 -
191 459 194 464 .
224 394 279 476 'ad
299 393 539 476 Christianam
571 369 794 496 disciplinam
817 419 970 489 ‚temere
991 373 1217 480 accommo

233 497 348 584 dalle,
380 497 483 600 quod
498 521 620 602 taimen
636 497 1023 599 saepiffimeabillisfit‚
1047 500 1114 598 qui
1125 523 1223 600 gen-

233 599 325 679 tium
339 600 612 703 peregrinarum
629 599 721 678 sacra
736 621 774 676 et
791 601 987 704 religiones
1004 600 1222 702 explorante=

233 701 309 780 hoc
323 723 435 778 vnum
450 697 574 782 tamen
596 727 642 779 ex
654 701 772 778 verbis
793 701 868 778 cius
884 698 1034 787 efficias,
1057 700 1221 778 alienam.

187 810 189 824 '
233 801 305 880 else
318 801 550 880 hancseliam
565 829 584 880 a
599 804 773 904 dogmate
788 827 936 893 eorum,
962 801 1211 906 quimundum

97 945 112 964 ω
171 923 191 1005 j
233 903 664 982 uoluntaeternumeffe.
703 903 940 996 ,NametiIli,
964 905 1213 990 ouiDeumex

232 1009 390 1186 gerelmi
412 1005 559 1082 materia
583 1004 704 1086 secille
725 1005 848 1086 omnia
864 1005 1022 1096 docent,
1047 1005 1102 1082 nil
1116 1030 1212 1084 vere·

203 1177 206 1186 .
263 1129 373 1188 untur
396 1105 542 1191 eadem,
567 1133 662 1210 quae
680 1131 794 1210 genus
809 1108 882 1184 hoe
900 1106 948 1183 de
971 1131 1091 1190 rerum
1118 1132 1213 1184 crea·

233 1209 340 1288 tione
354 1205 520 1308 profiteri
541 1230 651 1310 atque
668 1209 835 1312 probare.
886 1205 1050 1300 Confer,
1074 1173 1234 1296 savelisi

193 1374 198 1390 .
236 1311 422 1390 Timaeum
443 1311 627 1386 Patronus
651 1335 733 1386 cum
754 1309 822 1388 hac
841 1309 1033 1402 sententia,
1066 1331 1107 1386 et
1123 1309 1209 1386 sum·
1235 1350 1236 1390 l

233 1435 331 1490 mam
354 1409 542 1511 vtiiusque
566 1411 826 1512 cognationem
849 1409 989 1487 senties.
1026 1409 1116 1488 Sed
1142 1435 1212 1486 me·
1236 1440 1237 1474 l

142 1606 145 1616 Ι
233 1531 324 1595 tuo,
351 1536 399 1588 ne
414 1509 1238 1614 opinionisetrorelapsusfitFnotstvs,meli·¹

236 1635 416 1792 otemgue
432 1611 701 1704 huicfamiliac,
727 1639 834 1716 quam
844 1611 1018 1704 decebat,
1042 1611 1210 1692 sententi-
1238 1616 1240 1710 f

16 1747 20 1757 ·
134 1743 148 1786 κ
234 1737 328 1792 ama
358 1711 551 1816 scripserit,
571 1715 768 1792 verborum
788 1714 1047 1792 conuenientia
1061 1715 1211 1816 quadam
1240 1792 1241 1808 p

235 1837 276 1894 ct
299 1811 533 1896 similitudine
556 1815 734 1894 induuus.
787 1819 884 1894 Nam
899 1815 961 1916 qui
976 1814 1213 1894 recentiffime

234 1915 419 2006 inferias,
443 1917 662 2018 religionem
685 1939 723 1994 et
739 1915 909 2018 dogmata
926 1919 1104 2019 lapooum
1119 1937 1213 1993 tanta

115 2114 119 2122 ἱ
234 2015 635 2122 sagacitateinquifiuit,
658 2041 789 2124 quanta
805 2043 918 2096 nemo
930 2041 1017 2094 ante
1030 2015 1214 2124 ipsumali·

233 2132 298 2214 us,
314 2121 589 2197 'Eucstasntvs
612 2121 860 2212 Kaeuasauvs,
891 2119 940 2196 nil
964 2117 1031 2196 nist
1050 2119 1213 2196 tenebras

240 2243 279 2299 et
293 2220 520 2324 impietatem
534 2221 669 2322 vbique
683 2221 751 2298 hac
765 2221 802 2297 in
824 2243 934 2324 gente
950 2217 1116 2312 offendit,
1140 2237 1210 2290 nec

120 2333 123 2341 ‘
203 2373 206 2384 -
234 2345 388 2421 vsquam
403 2321 443 2398 in
457 2321 627 2400 hominos
641 2320 772 2399 incidit
786 2346 858 2400 tam
874 2319 1013 2400 sobrios
1023 2313 1156 2395 tametfi
1168 2333 1208 2387 et

237 2419 356 2500 sactus
371 2422 509 2526 gentis,
533 2409 780 2526 sedatumque
799 2423 1009 2526 fingularum
1032 2417 1140 2496 libros
1154 2412 1212 2492 di·

139 2602 142 2613 ,
235 2523 395 2626 ligentet
412 2524 609 2618 euoluerit,
647 2547 788 2604 etcum
811 2525 977 2603 omnium
999 2519 1215 2625 religionum

236 2624 458 2729 mystagogis
472 2624 626 2705 versatus
639 2625 692 2706 stt.
748 2628 846 2704 Tres
862 2625 1057 2730 inprimis,
1076 2623 1133 2702 saa
1153 2618 1215 2696 mi·

237 2728 391 2806 notibus
419 2726 598 2821 discedas,
634 2727 747 2807 senae
774 2728 910 2806 florent
932 2729 1029 2806 inter
1056 2729 1213 2830 iapones

237 2833 379 2924 Prima,
403 2855 497 2931 quae
521 2831 634 2906 Sinara
650 2829 799 2920 dicitur,
832 2829 986 2932 reliquas
1008 2827 1215 2929 antiquitate

237 2929 381 3033 superat
394 2954 432 3010 et
445 2933 485 3010 in
499 2931 569 3032 ipsa
586 2931 693 3008 insula
712 2951 794 3008 nata
818 2927 961 3007 videtur
984 2927 1053 3006 elle
1071 2952 1110 3006 et
1131 2923 1216 3004 edu·

238 3055 332 3112 cata:
356 3033 480 3112 Altera
496 3031 631 3136 Bucffdo
645 3031 921 3109 nominatutseu
934 3032 1001 3107 reli
1022 3023 1220 3132 iopen-gri·

237 3159 360 3212 norum
381 3133 588 3226 Nominum,
618 3156 710 3235 quae
736 3159 781 3212 ex
797 3131 925 3210 vicinis
947 3137 1049 3212 Aue
1063 3127 1221 3238 regioni·

239 3231 307 3310 bus
324 3231 369 3313 ad
385 3235 541 3336 lapones
558 3235 722 3312 translata
742 3235 811 3318 eli,
829 3233 1024 3323 nccabea,
1046 3257 1156 3335 quam
1170 3237 1220 3310 lu·

239 3331 373 3409 dorum
406 3333 591 3414 Bramines
620 3333 865 3438 profitentur,
898 3331 1043 3415 differte
1068 3333 1221 3413 videon.

239 3433 369 3545 Tertia
391 3436 446 3512 eli
467 3434 791 3544 philosophorum,
816 3461 927 3538 quarn
947 3437 1069 3522 diam
1093 3433 1133 3512 id
1148 3433 1222 3516 cli,

237 3529 544 3634 oranzfltpiemam
560 3541 763 3618 nominant.
816 3541 925 3616 Hanc
947 3535 1050 3614 facile
1074 3534 1221 3624 vident,

237 3633 302 3738 qui
325 3635 495 3716 nonnihil
516 3639 724 3743 diligentiae
737 3639 776 3716 in
798 3638 1041 3720 Orientalium
1062 3636 1224 3741 populo·

237 3759 318 3824 tum
332 3733 531 3838 religiones
555 3739 832 3844 cognoscendas
854 3739 1112 3833 contulerunt,
1135 3761 1223 3854 pro·-

439 3856 441 3868 '
1123 3861 1224 3918 xime
