2458 4340
1018 7 1026 49 l

58 93 111 192 .‘
232 151 314 280 no⁸
359 163 580 246 nrssrnr.
606 164 678 244 nc
697 151 938 248 crncvni:
958 165 1079 250 cnr.
1141 128 1144 137 ’

228 349 376 433 terdon
397 317 652 455 exprell'einnc
720 345 835 452 Qtod
856 350 987 430 exteris
1006 348 1094 430 nihil
1103 349 1191 431 'con

230 449 443 534 cedendum
460 443 544 536 elle,
558 447 705 540 dicunt,
746 449 785 526 ui
801 449 887 548 suis,
903 477 984 530 non
1000 453 1122 530 alienis
1135 453 1192 529 lin·

238 555 331 640 ruis,
348 551 462 630 libros
470 553 705 653 'componere
720 475 878 647 arlant,
895 553 934 630 id
945 555 1109 632 ieiunum
1117 577 1191 657 pro·

228 589 330 736 leno
354 676 393 732 et
406 651 502 730 exile
520 651 582 728 est.
642 653 860 730 Exterorutn
873 655 936 756 qui
958 653 1082 732 suadet
1096 655 1190 732 inin·

228 757 392 847 tionem,
413 753 441 830 is
454 751 532 830 vitii
550 751 637 830 nihil
652 751 692 829 in
706 745 869 832 mohibus
883 759 1011 834 eornm
1028 756 1113 850 elle,
1124 775 1191 832 ante

231 857 356 938 omnia
371 853 566 931 ostendere
582 851 703 930 debet.
771 855 874 958 Qid
892 855 1021 961 hergo
1044 857 1084 935 id
1100 853 1193 958 inpri-

154 963 183 980 ''
230 957 300 1038 mis
332 954 609 1060 vituperandum
643 953 713 1032 else
736 956 775 1032 in
796 957 940 1050 Gallis,
979 960 1135 1061 Anglis,
1167 975 1194 1032 et

231 1059 326 1152 aliis,
349 1055 452 1160 quod
468 1080 705 1134 communem
720 1055 946 1136 eruditorum
969 1058 1130 1162 linguam
1144 1057 1194 1136 de·

231 1159 361 1253 serant,
374 1156 588 1238 docendum
602 1157 682 1259 quis
700 1157 870 1259 recipiat?
890 1161 993 1238 Num
1010 1183 1049 1238 et
1062 1160 1194 1240 sther·

26 1354 31 1362 ,
232 1259 349 1344 manis
365 1284 491 1338 eorum
510 1256 793 1336 consuetudines
809 1261 977 1362 ornplelli
1000 1261 1148 1342 licebit?
1168 1279 1196 1334 n

123 1400 127 1415 ·
233 1362 371 1446 scilicet
408 1359 443 1440 se
467 1360 511 1437 ab
537 1360 606 1438 illis
631 1360 737 1437 nullo
761 1361 879 1440 modo
894 1362 991 1439 vinci
1006 1365 1122 1457 velle,
1147 1361 1196 1439 de·

185 1465 192 1474 '
233 1463 450 1544 monstrent
501 1459 617 1563 Qod
642 1460 819 1545 idoneum
843 1484 880 1540 et
893 1486 1016 1559 aptum
1032 1465 1104 1544 esse
1119 1467 1197 1542 Ger·

234 1587 429 1646 manorum
452 1561 657 1640 sermonem
684 1562 880 1644 litterarum
896 1564 1043 1660 studiis,
1064 1563 1198 1670 publice

235 1667 383 1773 planum
399 1662 469 1742 effe
485 1661 718 1751 faciendum,
744 1663 928 1751 dillitant,
954 1667 993 1744 id
1007 1668 1125 1746 nihilo
1140 1661 1197 1742 lese

206 1837 215 1852 „
235 1767 365 1848 melius
383 1766 501 1850 habet
559 1765 666 1853 Ellot
691 1765 780 1844 nihil
795 1767 991 1847 Germanis
1014 1769 1059 1848 ad
1075 1769 1194 1848 vbera-
1216 1781 1217 1868 l

235 1891 333 1956 tem,
359 1867 406 1946 ad
438 1865 682 1957 venustatem,
707 1865 751 1943 ad
780 1869 1041 1971 proprietatem
1069 1869 1199 1972 linguae

238 1969 374 2048 deesse:
403 1968 498 2060 ello,
523 1967 668 2068 quisuis
688 1969 800 2046 enimi
822 1969 998 2050 notiones
1021 1969 1199 2070 elegantie

239 2069 326 2150 fitne
347 2094 388 2146 er
411 2067 579 2170 explicari
600 2066 718 2171 posse:
744 2069 824 2148 esto
839 2069 1016 2174 denique,
1039 2069 1143 2172 quod
1156 2093 1203 2146 tt·

238 2197 325 2250 men
342 2169 437 2249 haud
453 2171 500 2248 ita
518 2169 590 2266 est,
614 2171 711 2246 nulla
721 2171 917 2250 Germanis
932 2169 1101 2248 vocabula
1113 2171 1208 2244 eLr·

86 2291 94 2314 ¹
227 2273 325 2368 ‚tinis
344 2295 466 2348 mutua
481 2267 652 2350 sumenda
668 2270 757 2363 elie,
781 2272 928 2374 quando
941 2271 988 2348 de
1009 2269 1114 2348 rebus
1127 2291 1206 2346 ern·

117 2383 122 2401 '
240 2373 326 2451 ditis
341 2371 531 2476 disputant
582 2375 789 2452 lamvtrum
804 2373 915 2477 magis
928 2369 1205 2452 litterisetveri·

93 2490 97 2506 '
239 2475 304 2554 tati
337 2475 525 2578 expedint,
550 2474 679 2551 Latine
714 2499 759 2554 en
790 2475 1012 2556 Germanice
1042 2471 1200 2560 seribere,

242 2575 504 2658 excutiendum
532 2574 621 2652 erit?
645 2575 715 2654 iam
736 2577 839 2678 patrii
865 2575 1040 2656 sermonis
1062 2573 1204 2676 dignita·

241 2702 318 2758 tem
341 2699 379 2756 et
398 2675 827 2756 eruditioniscomtnodr
842 2682 890 2756 ita
915 2679 984 2758 elle
1002 2673 1207 2758 coniuntlr,

240 2803 284 2860 ut
297 2777 353 2856 illa
368 2775 483 2882 spreta
501 2777 554 2854 his
564 2781 873 2895 quoquemultum
886 2780 1107 2890 dettrhrnrr,
1128 2793 1208 2878 ape·

241 2877 411 2962 tiendum
433 2879 523 2957 etit?
547 2879 583 2956 Si
603 2905 683 2981 qurs
706 2883 805 2958 eninr
819 2883 932 2986 magis
946 2881 999 2960 rei
1018 2881 1205 2960 litterarum

242 2981 413 3090 publicae
445 2975 657 3058 conducere
680 2979 831 3076 doceat,
858 3007 1008 3062 manere
1031 2983 1206 3062 Romano

243 3109 324 3162 rum
356 3081 407 3160 lin
459 3105 537 3172 rm,
569 3077 731 3160 vniuersa
763 3083 898 3164 haecce
930 3084 1023 3162 ratio
1048 3075 1203 3162 ernian

244 3185 322 3261 erit.
429 3179 580 3283 quidem
611 3205 649 3260 et
677 3181 812 3262 litteras
832 3187 921 3264 licre
940 3183 1042 3288 posse
1062 3183 1205 3288 opinor,

245 3281 379 3362 etiarnh
401 3285 523 3362 minor
535 3285 808 3362 Germanorum
832 3287 975 3392 linguae
989 3303 1204 3390 operantur

212 3377 365 3470 ⁸‘retur,
393 3407 431 3463 et
451 3384 609 3486 linguam
628 3385 723 3464 hanc
744 3385 903 3475 dilatati,
929 3387 1119 3481 exornari,
1152 3401 1209 3462 em·

245 3482 396 3590 plilicari
418 3483 536 3588 polle,
564 3485 698 3566 etirmh
716 3489 909 3594 praecipua
929 3487 1069 3592 ingenii
1092 3503 1208 3568 monh

247 3607 370 3664 menta
395 3587 530 3668 Latinis
549 3585 675 3668 litteris
697 3591 1056 3670 commendarentur.
1108 3573 1209 3692 Qorl

210 3685 367 3792 'plebis
380 3685 438 3766 alii
451 3709 491 3770 et
505 3711 655 3783 eorum,
676 3694 741 3800 qui
755 3693 1081 3799 LatinaeLingute
1094 3705 1211 3862 “¹²⁶2

197 3833 202 3855 t
1168 3809 1183 3867 t
