2538 4368
50 265 52 272 '
114 298 119 311 ’
188 267 274 388 '4⁴
342 255 648 406 neutrarro
676 288 745 374 ne
770 289 857 372 nte
881 224 1124 382 cunrsrt
1255 337 1256 344 a

222 497 313 558 mue
363 473 484 555 Solam
499 476 611 568 eninr,
634 474 782 579 quaein
797 473 1006 556 Abrabcmo
1022 495 1108 570 erat,
1124 475 1202 560 ltu-

221 579 279 656 ius
297 577 442 656 visionis
459 575 668 670 scientiam,
697 599 838 656 tanturn
857 579 1013 656 excitare
1033 577 1214 680 gaudiunt

251 679 397 771 otuilse,
428 701 468 756 vt
490 680 538 767 ii,
572 679 635 782 qui
658 679 870 758 coelestium
897 679 1080 758 bonorum
1102 677 1209 764 sensu

252 782 286 857 'c
299 795 521 886 tanguntur,
555 780 727 858 exsultate
748 801 787 858 et
805 781 1010 884 triumphos
1025 804 1133 886 agere
1143 781 1205 860 so-

31 957 36 964 .
170 893 175 904 ’
221 881 310 968 lent.
368 887 459 962 Non
482 881 628 959 morose
648 881 709 960 bic
724 879 875 960 rixabot.
939 882 1201 986 Eligasqutrn-

151 983 1199 1201 1tltltlnqlllllltantillula,{tl
1256 1163 1257 1166 ψ

220 1209 301 1265 turn
320 1187 378 1262 illa
388 1248 393 1265 ,
404 1185 573 1288 gaudium
589 1209 627 1264 et
644 1185 857 1267 defidenum
872 1187 1078 1304 producere
1091 1198 1198 1292 ‘potu-

220 1288 317 1366 erit?
360 1288 556 1390 lntelligit,
592 1311 652 1367 eut
671 1313 761 1366 vero
783 1288 940 1406 percipit
962 1291 1201 1378 Abrahemut,

168 1397 172 1404 “
219 1391 371 1470 relatum
393 1389 458 1468 fibi
481 1389 675 1493 aliquando
696 1390 738 1468 iri
760 1389 893 1468 Christi
918 1394 957 1468 in
979 1390 1081 1468 te'rris
1096 1393 1208 1495 gesta.

221 1493 361 1570 Satisne
381 1491 420 1568 in
443 1491 519 1568 hoc
538 1491 692 1585 caudit,
725 1513 877 1568 curtam
891 1491 1095 1570 incredibili
1113 1493 1211 1572 deli-
1256 1575 1257 1598 Ν

99 1651 108 1662 .
158 1670 164 1687 .
222 1593 328 1668 derio
346 1591 606 1682 exardesceret,
633 1619 699 1672 cur
711 1613 815 1672 tanto
834 1591 1034 1672 abundaret
1048 1594 1208 1697 gaudio?
1256 1603 1257 1608 '

75 1709 80 1720 ’
222 1695 374 1776 Haereo
389 1695 462 1787 hic,
484 1696 544 1774 vir
558 1695 792 1783 celeberrime,
819 1691 1031 1800 septimum
1044 1695 1208 1796 pollali-

220 1796 326 1900 quod
348 1797 577 1876 interuallum
599 1823 646 1874 co
691 1819 758 1874 ore
774 1795 982 1876 exuendum
996 1797 1086 1883 esse,
1117 1795 1209 1877 dein

160 1933 162 1944 ·
219 1895 466 2000 longiffitnum
483 1923 628 2003 tempus
642 1925 664 1976 e
678 1897 840 2001 apsurutn
855 1898 900 1976 td
915 1897 1208 1984 illarnvifionem,

221 2000 405 2078 cernebat
468 2006 522 2081 At
536 2002 633 2106 proh
648 1999 785 2080 dolor!
845 2025 927 2080 uam
948 1999 1006 2078 vel
1025 2001 1207 2118 praestan·

127 2145 130 2150 ·
221 2100 429 2180 tilfitnnnun
450 2125 569 2182 terum
587 2101 748 2206 pretium
764 2101 812 2180 nt'
830 2103 899 2182 eris
919 2101 1056 2182 vilescit
1070 2123 1208 2180 morta·

219 2201 336 2290 libus',
366 2201 391 2282 st
411 2204 558 2306 longius
576 2226 741 2284 remotae
760 2202 867 2284 sunt!
901 2205 1020 2308 Qam
1037 2201 1211 2284 infirmos
1257 2206 1258 2286 l

66 2383 79 2400 ,
151 2354 153 2360 s
198 2299 379 2384 'sentiunt
399 2305 604 2408 igniculos,
636 2305 699 2384 ubi
716 2303 926 2386 felicitatem
939 2305 1138 2424 posthanc
1153 2306 1210 2380 ri-

127 2489 131 2506 ,
219 2425 296 2484 tam
310 2427 537 2494 euenntram,
560 2403 832 2512 commodaque
846 2405 1046 2512 longinqua
1056 2405 1208 2484 abecu-

220 2507 279 2588 los
297 2503 362 2586 libi
382 2513 554 2612 ponunt?
591 2508 715 2588 Surdis
737 2509 889 2589 canebat
910 2511 1108 2596 Earcvnvs,
1137 2508 1212 2608 qui

220 2608 373 2688 dolores
387 2609 516 2703 leuari,
544 2612 622 2688 irno
637 2609 720 2689 tolli
733 2610 1001 2690 imminentium
1016 2635 1059 2686 ac
1072 2607 1217 2688 litmre

219 2735 302 2792 rum
322 2711 552 2816 voluptatum
573 2712 901 2816 repraesentatione
916 2711 1070 2796 debere,
1103 2733 1217 2830 prae-

203 2811 392 2917 cipiebat.
443 2815 629 2892 Homines
646 2813 781 2900 sumus,
807 2813 915 2892 etiam
930 2814 995 2914 qui
1011 2811 1215 2896 crednnus,

221 2936 260 2992 et
279 2934 324 2994 ex
339 2915 521 2992 bonorum
539 2915 737 3020 praesentia
755 2941 884 2994 eonnn
898 2914 1113 3018 dignitatern
1127 2937 1216 2990 tne-

220 3015 344 3094 timur:
375 3017 496 3132 ‘Quid
512 3041 602 3120 ergo
617 3019 845 3098 Abrahamut
861 3021 877 3094 ?
911 3015 1035 3095 llicne
1057 3015 1155 3094 solus
1170 3039 1219 3092 e-

108 3183 116 3194 ,
220 3139 294 3209 rat,
327 3140 427 3194 curus
442 3141 605 3197 mentem
620 3143 697 3212 res,
724 3143 832 3222 quam
852 3118 938 3222 post
960 3141 1021 3197 tot
1044 3115 1221 3196 saeculo-

220 3241 303 3298 rum
322 3218 492 3298 decursus
519 3243 732 3300 euenturatn
752 3241 907 3298 nouerat
925 3218 1019 3298 adeo
1034 3243 1220 3298 commo·-

220 3341 309 3398 uere
329 3326 494 3422 poterat?
521 3322 838 3426 Qantuscunque
854 3319 1012 3414 vireret,
1040 3317 1219 3400 humanis

139 3439 144 3446 ·
220 3443 343 3504 tamen
363 3421 644 3516 infirmitatibus,
674 3421 880 3502 obnoxium
896 3421 1015 3518 fuisse,
1039 3421 1218 3528 legimus.

222 3521 298 3623 Qi
318 3521 514 3604 difficulter
533 3521 797 3619 adducebatur,
827 3547 868 3606 vt
889 3523 1090 3604 desemine
1112 3515 1219 3600 exse

221 3643 380 3701 venturo
402 3625 629 3730 prorniffioni
656 3627 848 3721 crederet,
883 3627 914 3705 is
935 3625 985 3706 sui
1000 3628 1067 3706 'vix
1089 3620 1222 3704 suilsct

178 3751 189 3766 ³
222 3749 395 3830 compos,
419 3725 522 3804 aliam
535 3727 649 3832 longe
662 3733 859 3822 minorem,
885 3727 1072 3830 longeque
1084 3749 1223 3806 reino-

220 3829 355 3904 tiorem
381 3824 559 3906 audiens?
607 3827 709 3930 Qid
728 3828 779 3908 de
798 3829 871 3933 ipse
891 3853 980 3908 veto
1002 3853 1043 3910 re
1064 3829 1228 4008 diulln?

372 3977 378 3986 .
1179 3953 1225 4004 e·
