2580 4360
509 107 602 179 Ιχ
716 153 719 164 ·

13 242 17 285 ⁴
140 329 156 401 χ
227 281 338 414 ,4'
493 273 982 438 conmentario

138 581 144 586 h
255 449 511 592 quidemimala
530 513 569 567 et
581 492 702 570 virtuti
718 493 968 596 repugnantia,
991 514 1242 582 atnectamen
1284 539 1285 586 r

254 597 377 696 pulcra
395 615 433 669 et
444 593 647 686 laudabilia,
673 587 1238 700 srldillnmseuerumsapientiae‚
1284 597 1285 604 ’

255 693 383 770 decori
400 717 438 770 et
453 695 652 772 modestiae
675 719 840 773 normam
858 698 1056 798 exigantur,
1082 697 1240 774 conlue-
1284 759 1285 770 ,

253 795 400 874 tudines
418 796 589 897 quasdam
606 819 644 872 et
657 797 946 898 agendimodos,
961 799 1024 900 qui
1037 799 1241 908 reprehen·
1284 855 1285 862 κ

64 915 68 920 ·
171 939 178 944 -
253 895 344 974 fioni
359 921 559 974 neutrorum
576 897 652 974 loci
666 899 800 1000 aliquid
814 901 1029 999 relinquant.
1059 957 1067 968 .
1093 901 1242 980 Verum

252 999 372 1075 multo
388 1000 486 1100 plura
504 997 672 1104 poscunt,
696 999 1006 1102 quiTheologos,
1031 1023 1247 1106 eorumque

218 1173 224 1185 s
249 1098 335 1190 uitia
359 1100 553 1202 obiurgant
577 1123 615 1176 et
638 1099 675 1176 in
700 1097 943 1180 multitudinis
963 1101 1138 1179 inuidiam
1167 1129 1235 1180 vo·
1284 1111 1285 1118 ’

251 1225 344 1278 cant.
395 1206 485 1278 Non
502 1202 613 1278 iidem
628 1227 698 1278 nos
711 1200 841 1296 sumus,
868 1201 991 1280 fivera
1006 1205 1231 1306 narrantqui

250 1302 383 1394 ceteri,
409 1329 504 1406 quos
525 1301 692 1380 nascendi
714 1303 788 1380 sors
815 1304 1008 1382 nobiscum
1033 1303 1168 1407 iungit,
1193 1307 1233 1386 id

250 1405 315 1498 est,
342 1403 474 1482 infirmi
495 1425 536 1486 ¹et
556 1403 711 1506 fragiles,
739 1405 802 1482 sub
820 1405 1089 1508 imaginationis
1106 1429 1145 1483 et
1156 1407 1241 1486 seo·
1284 1487 1285 1498 ,

158 1597 161 1606 .
248 1503 350 1584 suum
367 1505 560 1608 imperium
573 1505 730 1596 subiecti,
756 1507 896 1610 antiqui
910 1511 1037 1600 moris,
1061 1533 1237 1612 commo·
1284 1515 1285 1598 i

249 1607 404 1701 donum,
430 1606 584 1684 honoris
608 1607 721 1702 nostri
745 1607 839 1685 iusto
860 1609 1089 1700 amantiores,
1117 1609 1235 1687 vibio-
1284 1691 1285 1696 ,

246 1709 320 1787 riae
334 1733 411 1786 non
425 1733 506 1786 raro
520 1708 762 1795 studiosiores,
788 1732 896 1812 quam
912 1709 1088 1788 veritatis:
1123 1713 1233 1791 llaec

159 1821 164 1836 “
247 1809 372 1888 omnia
387 1831 532 1888 naturae
548 1810 592 1886 ad
607 1813 697 1887 mala
710 1811 962 1988 propendentl
984 1809 1020 1888 se
1036 1809 1233 1890 condona-

114 1956 118 1970 ·
213 1910 219 1919 “
245 1911 418 2004 revelle,
443 1911 639 1990 liberaliter
660 1938 713 2016 po
728 1913 886 1990 licentur
898 1912 1090 1990 aduersarii
1102 1915 1233 2006 nostri,
1284 1921 1285 1936 ¹

245 2011 441 2116 aequilsrmi
476 2013 675 2107 videlicet,
715 2013 995 2116 communisque
1029 2013 1118 2090 labis
1147 2041 1230 2094 nott
1284 2051 1285 2098 ἢ

244 2116 375 2218 ignari:
401 2115 486 2207 Sed,
510 2113 615 2215 quod
628 2116 898 2193 inFrancorunt
918 2115 970 2193 est
1005 2115 1227 2210 rouetbiin*

150 2224 151 2228 ’
244 2217 358 2319 magis
383 2215 476 2319 iplis,
500 2241 609 2316 quam
647 2215 722 2308 alii,
748 2217 919 2296 homines
945 2141 1015 2296 elle
1044 2215 1230 2314 videmur,

244 2319 345 2422 gens,
369 2316 473 2417 quod
488 2319 542 2394 vir
557 2317 765 2420 ingeniosus
778 2317 828 2399 de
839 2341 1003 2398 veterum
1021 2316 1224 2398 scholarum
1284 2329 1285 2410 l

200 2516 202 2524 Ι
241 2419 418 2522 magistris
436 2419 600 2512 canebat,
792 2437 794 2445 ⁴
1112 2475 1114 2482 J

291 2563 385 2638 Gens
396 2558 531 2636 ratione
541 2549 687 2659 furens,
705 2580 740 2637 er
759 2553 907 2635 mentem
916 2555 1018 2660 pasta
1031 2553 1226 2636 chimaeris.
1284 2569 1285 2660 l

134 2753 144 2767 ,
269 2720 552 2776 rsetetomnem
570 2697 725 2776 modum
740 2698 875 2792 inuida,
893 2695 1132 2792 contentiosa,
1147 2723 1230 2796 ηια-ν

239 2723 370 2891 lectica,
397 2798 559 2904 superba,
584 2799 751 2902 lucifuga,
766 2800 976 2904 inexplebili
992 2801 1083 2878 odio
1102 2823 1140 2878 et
1153 2797 1229 2877 ira·
1284 2807 1285 2870 l

241 2903 373 2980 cundia
395 2901 536 2988 referta,
562 2924 599 2978 et
625 2900 649 2979 fi
667 2899 757 3003 quid
779 2901 834 2978 his
849 2903 977 2980 tetrius
991 2901 1068 2980 fieri
1086 2901 1227 3005 potest.

239 3003 282 3081 ln
299 3030 375 3106 quo
394 3001 481 3080 illud
496 3001 718 3106 potiffimum
734 3001 907 3104 singulare
916 3027 955 3081 et
969 3003 1134 3108 portenti
1143 3027 1233 3082 nou
1284 3013 1285 3108 f

238 3104 404 3182 tliffimile
420 3105 484 3196 est,
510 3104 626 3205 quod,
652 3129 766 3282 epum
781 3103 926 3181 aliarum
945 3104 1115 3183 sellarum
1135 3105 1232 3184 vitia

60 3213 65 3223 “
150 3270 174 3294 a
238 3233 284 3284 ex
306 3207 428 3308 ipfius,
461 3231 577 3307 quam
591 3231 662 3309 pro
689 3227 770 3297 ant,
797 3203 1006 3308 disciplinae
1025 3203 1228 3286 visceribus

118 3345 120 3353 ¹
237 3308 352 3384 ueluti
374 3305 659 3408 proficiscantur,
686 3331 800 3410 eaque
820 3331 860 3385 re
880 3307 1048 3386 nonnihil
1075 3305 1226 3386 exeusat-

236 3410 349 3488 tionis
373 3408 580 3486 adiuntlum
605 3407 772 3494 babeant,
800 3399 918 3487 nostra
934 3407 1005 3487 fiue
1025 3433 1121 3507 vera,
1146 3404 1227 3486 liue
1284 3419 1285 3504 l

235 3509 316 3590 fieta
337 3509 466 3612 flagitia
486 3509 629 3612 prorsus
644 3538 661 3588 a
677 3507 915 3602 sanclilbmae,
942 3537 1050 3614 quam
1064 3504 1227 3615 prolite-

236 3639 337 3706 mur,
363 3609 533 3689 scientiae
561 3613 763 3716 praeceptis
791 3635 828 3688 et
856 3612 984 3692 indole
1007 3610 1229 3708 abhorrent,
1284 3673 1285 3720 ἦ

235 3711 399 3819 ideoque
423 3715 669 3819 patrocinium
688 3737 801 3792 omne
815 3711 887 3819 ipsa
902 3711 1084 3820 respuunt.
1113 3713 1233 3892 l'la-
1284 3727 1285 3816 l

492 3849 500 3858 ·
1100 3837 1232 3896 ⁸esne
1284 3825 1285 3860 ¹

1284 3897 1285 3948 l

263 3937 301 4015 ⁹⁸
334 3975 417 4040 Tout
426 3969 546 4036 homme
556 3965 743 4046 est'boutmet
766 3973 836 4038 utria
854 3973 882 4040 lt
895 3973 998 4062 Clergb
1012 3969 1136 4038 sextoet.
1284 3993 1285 4078 p
