2482 4340
151 243 531 328 Mamsmnrvs
559 217 870 384 acanumcrss
917 269 990 376 5¹³
1186 183 1200 192 ⁸

34 433 186 514 omnium
200 425 388 510 bonorum
405 423 643 530 gratulatione
658 444 807 508 ornatus
821 426 1003 536 adotium,
1115 456 1122 471 ²

12 534 217 616 reuerteris.
266 533 409 608 Solatur
423 554 503 614 me,
523 531 693 607 nonnihil
715 528 997 610 hisincommo.

29 637 84 716 dis
119 636 347 739 perterritum
357 639 381 707 s
404 631 613 732 exemplum·
643 631 779 726 Tvva,
813 631 938 734 quod,
970 632 999 712 li

12 735 144 820 modo
158 731 314 842 potero,
335 730 504 823 aemtdari
524 730 691 810 lludebo.
721 768 724 778 1

78 943 163 1020 Nec
193 939 311 1016 minus
342 959 432 1014 vero
453 931 586 1016 solatur
604 957 666 1014 me
687 935 824 1023 restra,
854 937 1002 1016 Parrus·
1094 975 1103 984 ·

30 1047 274 1124 consenum,
300 1036 577 1122 beneuolentia‚
599 1059 706 1139 quam
723 1063 772 1116 eo
786 1037 866 1118 fatis
880 1037 1000 1116 testati

12 1143 131 1233 iestis,
154 1139 255 1242 quod
267 1139 305 1216 in
321 1139 443 1217 locum
461 1141 560 1216 hunc
579 1139 775 1242 ancipitem
789 1139 939 1242 quidem
961 1162 1002 1219 et

12 1243 226 1332 llubricum,
250 1263 287 1320 at
307 1238 552 1318 honorificum
574 1239 707 1335 etiam,
731 1241 857 1320 vestris
880 1237 1002 1320 fuffra-

12 1347 100 1452 tgiis
113 1341 293 1446 extulistis.
377 1342 556 1444 Equidem
571 1340 615 1418 ad
634 1345 733 1437 Voa,
760 1341 1003 1446 quemadmo·
1031 1409 1046 1428 e.

12 1449 120 1527 :dum
135 1443 279 1538 debeo,
305 1441 344 1518 in
365 1441 473 1520 rebus
502 1443 703 1529 omnibus,
735 1461 917 1547 tamquam
955 1439 1005 1523 ad

23 1573 144 1640 aram,
167 1543 393 1645 confugiam:
421 1547 504 1632 Voa
517 1567 645 1722 pamm
668 1541 765 1622 forte
785 1544 1005 1648 prouidum,
1113 1583 1119 1596 ·

25 1650 209 1748 nimisque
225 1644 389 1730 securum
401 1666 515 1724 anone
543 1645 618 1742 itis,
640 1649 721 1723 Vos
737 1667 861 1724 natura
876 1645 1007 1737 fortae

25 1753 76 1832 fis
94 1748 215 1855 paullo
235 1745 462 1839 molliorem,
483 1761 590 1847 quam
618 1769 675 1824 res
696 1746 841 1826 nostrae
861 1747 1006 1836 ferunt,

28 1851 81 1933 ad
105 1847 316 1953 grauitatem
345 1867 383 1924 et
406 1846 632 1932 seueritatem
658 1847 896 1943 reuocabitis,
912 1853 1006 1928 ‘Vos
1056 1923 1068 1944 „

28 1948 289 2054 intempestiue
322 1947 519 2030 cedentem
545 1946 778 2043 confirmate,
806 1953 887 2029 Vos
913 1945 1005 2052 quid
1052 1969 1063 1978 ’
1199 1955 1202 1962 ’

31 2053 128 2134 fallo
143 2075 237 2155 opus
251 2047 308 2142 fit,
324 2049 538 2167 praecipite:
561 2051 664 2228 Epo,
682 2073 858 2152 quantum
873 2075 941 2157 per
953 2050 1029 2128 vi·⁸
1115 2137 1117 2146 ,

29 2157 127 2236 rium
141 2175 301 2232 mearum
320 2147 566 2230 infirmrtatem
603 2153 733 2246 mehir,
759 2152 922 2232 docilem
945 2175 1008 2230 mc

30 2255 333 2358 semper-Volua,
358 2254 484 2354 aequi,
515 2251 678 2356 rellique
698 2254 876 2357 cupidum
901 2276 941 2335 et
960 2251 1027 2333 ad·
1058 2309 1060 2317 ι

30 2357 124 2435 iulia
134 2353 245 2432 uestra
258 2351 469 2458 capellenda
485 2354 637 2435 alacrem
652 2355 849 2460 praebebo.

90 2551 235 2636 Solatur
256 2581 317 2634 me
335 2553 495 2658 denique
516 2577 596 2634 non
615 2580 719 2635 amor
740 2553 861 2636 modo
875 2555 1012 2648 vester,
1086 2636 1096 2654 Ι

30 2659 240 2738 larcrrssmr
266 2665 433 2748 lvvrurs,
466 2659 711 2736 oanni-isson
735 2661 865 2746 Crvrs,
897 2681 1046 2762 quem·
1138 2659 1143 2676 “
1191 2743 1194 2761 ,

33 2759 129 2838 milri
152 2764 266 2838 toties
286 2783 353 2862 per
375 2759 445 2837 hoa
464 2779 538 2836 trec
551 2779 590 2837 et
607 2758 740 2836 decem
754 2780 891 2852 annos,
915 2781 1013 2861 quoa

36 2863 81 2940 in
107 2862 178 2938 hac
205 2859 403 2950 Academia
430 2859 554 2938 doceo
569 2904 588 2956 7«
608 2859 727 2938 testati
755 2859 859 2948 estis,
878 2881 1014 2940 verum

32 2959 150 3040 etiam
162 2960 340 3040 modestia
355 2985 393 3040 et
408 2961 530 3040 virtue
581 2964 689 3040 Nulla
704 2963 792 3040 mihi
807 2961 923 3040 maior
945 2959 1015 3038 ob·

30 3065 185 3167 tingere
212 3061 362 3144 felicitas
382 3063 540 3186 poterit,
563 3059 718 3166 quamli
737 3063 927 3142 decedens
948 3063 1017 3140 hac

27 3163 230 3344 winda
248 3166 392 3269 glorian
405 3189 560 3278 potero,
579 3163 768 3244 neminem
781 3165 939 3244 vestmm
954 3187 1018 3240 mc

89 3267 289 3346 olleflore
310 3269 408 3350 malo
428 3267 590 3370 quodam
613 3266 658 3344 ad
682 3261 844 3347 officium
866 3289 1031 3345 reuoca-¹

29 3387 126 3443 tum
152 3389 213 3448 aut
242 3395 288 3448 ex
313 3371 381 3450 hac
409 3371 556 3448 ciuitate
577 3368 733 3448 eieflum
757 3369 849 3448 elle:
876 3365 1019 3452 Facite,

29 3469 187 3546 Omna
215 3473 344 3563 Crvrs,
362 3495 411 3548 ne
440 3467 503 3572 spe
527 3469 633 3549 huius
653 3468 834 3548 felicitatis
853 3467 960 3546 trillr's
980 3487 1020 3572 et

21 3571 208 3650 moestus
221 3571 398 3673 excidam,
424 3571 885 3673 naturalemqueleuitatem
899 3591 1021 3648 meam

24 3695 139 3774 expo
155 3681 252 3754 'nare
273 3697 395 3777 cogar.
442 3675 495 3756 lta
514 3673 562 3750 de
577 3673 689 3750 Voms
702 3668 801 3780 ipfa,
824 3671 873 3755 ita
889 3669 937 3748 de
952 3671 1025 3748 hac

23 3777 123 3852 Aca
154 3779 264 3876 emia,
285 3773 656 3858 iradeVorrsomnes
669 3775 852 3878 praeclare
866 3770 1024 3854 merebi·
1058 3831 1067 3841 .

20 3873 143 3956 mirri.
195 3905 200 3919 ¹
555 3872 624 3956 Klt
688 3885 709 3926 ·'
959 3865 1025 3953 Ad
