2580 4360
234 350 258 424 r
341 379 346 388 -
441 273 1026 448 'cunnnurnrin‘

118 513 136 540 ²
232 545 274 600 re
292 540 329 598 et
351 517 450 596 rabie
464 517 754 620 Theo'logorum
776 523 873 598 inter
885 519 1077 625 praecipua
1090 521 1234 599 mortis
1271 513 1272 558 ³

75 613 81 642 ²
233 615 658 700 cotnmodacollocabat.
707 620 887 724 Discedas,
912 620 1238 716 scribebatbonus⁸
1271 643 1272 668 ³

199 795 201 806 ,
233 722 868 820 ille'ctleuisMrtnucnruos,*
891 721 1085 822 discedere
1100 744 1232 824 pecca-
1271 755 1272 764 ¹

118 858 121 870 ·
177 835 188 854 ‘
233 827 294 913 ris,
322 825 525 916 liberaberis
537 825 581 902 ab
595 824 774 900 aerumnis
787 851 843 902 tr
865 851 890 900 a
908 827 1043 903 Ritus
1065 825 1233 903 Tirso-
1271 831 1272 836 ’

136 1021 143 1028 ‚
233 951 461 1006 noconvn.
521 927 643 1028 Qram
669 923 938 1015 immensumet
951 923 1126 1004 horribile
1146 951 1232 1004 rna-

234 1029 324 1127 lum,
350 1027 452 1106 bone
467 1029 584 1120 Deus,
599 1025 706 1127 quod
715 1031 771 1105 vir
782 1025 933 1131 sapiens,
953 1027 1222 1128 idemquediu-
1271 1035 1272 1038 '

233 1152 345 1228 turno
361 1151 481 1206 rerum
494 1126 556 1204 vsu
573 1127 1015 1220 exercitatusetetuditus‚
1042 1127 1224 1232 ipsamor-

18 1227 21 1239 ‘
95 1230 136 1264 ”
235 1253 275 1310 te
288 1229 469 1308 redimere
483 1251 561 1308 non
577 1229 739 1308 dubitat?
789 1234 902 1308 Forte
926 1231 970 1308 ab
990 1230 1066 1307 ho'c
1081 1229 1222 1332 egregii

235 1332 399 1427 hominis
421 1329 551 1409 solatio
573 1330 710 1409 dictum
734 1327 823 1412 illud
838 1328 958 1424 fluxit,
977 1331 1082 1434 quod
1099 1332 1137 1407 in
1153 1355 1227 1410 ore

190 1447 206 1468 ”
237 1435 398 1522 illorum,
422 1433 486 1536 qui
512 1457 655 1536 praeter
682 1456 832 1512 ceteros
851 1433 976 1512 vrbani
992 1457 1031 1510 et
1046 1431 1158 1535 tepidi
1173 1434 1234 1510 vi-
1271 1521 1272 1532 Ν

231 1535 317 1613 ueri
332 1535 475 1628 volunt,
502 1535 634 1612 crebro
643 1533 816 1613 versatur:
846 1535 1027 1612 orandum
1043 1533 1232 1612 hodiecs-

235 1637 273 1718 sc
297 1639 433 1730 Deum,
460 1657 499 1716 vt
523 1661 542 1713 a
564 1634 688 1714 surore
710 1659 748 1714 et
769 1636 905 1714 inuidia
931 1637 1230 1738 Theologorum

126 1794 130 1805 =
236 1741 335 1817 viros
352 1737 434 1840 pios
449 1761 487 1815 ct
498 1735 615 1816 salutis
633 1736 713 1816 suae
729 1736 913 1816 studiosos
929 1737 1072 1830 liberet,
1091 1763 1227 1838 quem·

17 1831 20 1848 '
237 1839 438 1918 admodum
451 1839 607 1945 publicis
622 1839 712 1918 olim
727 1837 1053 1942 supplicationibus
1068 1841 1229 1940 rogaba-

75 2024 78 2051 Ι
239 1964 311 2034 tur,
334 1963 373 2020 vt
396 1946 712 2034 Normannorum,
737 1939 975 2018 ferocisfimae
996 1963 1034 2018 et
1058 1940 1229 2020 inhuma-

118 2107 124 2124 ,,
191 2041 195 2050 ’
237 2067 309 2122 nae
322 2040 466 2148 prorsus
483 2045 617 2146 gentis,
642 2041 895 2121 crudelitatem
910 2042 1111 2122 cohiberet.

294 2139 1222 2248 QaenamsubhocOnrranotocrcmomi-

236 2270 287 2326 nc
303 2245 412 2324 notio
428 2243 469 2324 sit
489 2243 657 2338 subiesia,
674 2247 722 2322 in
739 2266 917 2349 promptu
934 2245 997 2324 cst.
1079 2243 1221 2324 Intelli-

265 2367 342 2439 unt,
371 2368 409 2424 vt
436 2345 603 2439 arbitror,
629 2345 865 2423 vehementem
878 2346 1057 2451 inprimis,
1077 2345 1222 2448 insaria-

237 2372 341 2526 iilem
364 2469 403 2524 et
424 2449 516 2526 rnodi
538 2448 671 2532 omnis,
686 2448 852 2550 finisque
872 2448 1021 2547 nesciam
1043 2447 1223 2526 libidinem

236 2549 311 2628 illis
325 2549 478 2636 nocendi,
501 2549 567 2652 qui
581 2549 642 2626 val
651 2548 780 2626 modice
791 2549 1066 2651 abopinianibun
1079 2550 1117 2625 in
1133 2571 1228 2652 qaas

238 2651 459 2736 iurauimus,
491 2653 641 2736 abeunt,
679 2648 742 2726 vel
760 2647 949 2750 fortunis,
973 2649 1159 2728 honoribus
1190 2672 1232 2727 er

238 2751 423 2832 sommodir
438 2749 563 2848 nassris
577 2750 802 2850 infidianrur‚
828 2773 893 2828 aut
904 2751 1002 2828 abire
1013 2773 1050 2828 et
1064 2749 1235 2846 infidias-i

238 2855 417 2932 videntur.
487 2851 578 2930 Tria
593 2877 683 2954 ergo
699 2849 821 2930 insunt
834 2851 873 2929 in
888 2853 964 2932 hoc
977 2851 1102 2930 infami
1118 2849 1230 2946 odio,

239 2979 336 3056 quae
352 2950 442 3032 illud
458 2951 561 3058 supra
581 2955 728 3058 vulgare
743 2975 782 3030 et
796 2979 1008 3047 commune,
1034 2952 1138 3056 quod
1157 2953 1234 3028 ho-

239 3057 360 3134 mines
375 3056 510 3159 agitare
532 3053 636 3148 solet,
658 3055 829 3132 euehunt.
908 3057 1070 3134 Primum
1088 3053 1237 3132 'Theo-

239 3155 318 3258 logi
337 3181 463 3258 paruas
486 3179 640 3261 propter
661 3155 803 3250 caussas,
828 3181 917 3334 nuas
939 3155 1092 3234 liberalis
1107 3176 1148 3232 ct
1162 3179 1238 3258 ge·
1271 3161 1272 3164 ‘

239 3256 391 3335 ncrol'us
404 3261 546 3341 animus
560 3257 663 3336 saciic
681 3279 832 3335 contem
849 3259 928 3350 erit,
949 3257 1157 3336 inimicitias
1172 3255 1235 3336 su·

241 3355 413 3458 scipiunt:
439 3359 552 3438 iidem
573 3360 699 3437 deinde
718 3363 888 3440 acriuset
901 3358 1104 3452 animosius,
1126 3381 1233 3462 quos

240 3457 306 3538 fibi
328 3458 453 3536 hostes
477 3482 656 3554 crearunt,
678 3483 908 3564 oppugnant,
933 3486 1041 3564 quam
1066 3460 1143 3540 alii:
1163 3481 1236 3561 pa·

232 3560 365 3660 stremu
381 3560 478 3637 nulia
493 3587 533 3638 re
548 3561 625 3656 alia,
648 3587 757 3664 quam
773 3563 935 3655 aureius,
961 3589 1072 3666 quem
1093 3585 1236 3640 vexan-

94 3746 101 3758 ,
208 3665 213 3679 “
242 3661 331 3740 dum
349 3657 411 3737 fibi
427 3657 636 3754 sumserunt,
661 3663 821 3758 interitu,
848 3661 1238 3764 uutsummaignomi·

224 3764 302 3844 nia
323 3761 522 3867 placantur,
548 3789 661 3870 quum
686 3765 894 3844 iniuriarum
909 3765 1027 3844 multo
1044 3765 1151 3844 citius
1166 3783 1243 3842 ce·
1271 3803 1272 3806 κ

1160 3869 1272 3950 teri*

60 4068 64 4088 -
134 4071 138 4076 Ι
245 3983 1117 4076 Ι·’ΜΒιῦΗ,ΑυΑΜΙἰηνίῐίεΡΙιίΙοΐορΙιοπ.ρ.αοῖι
1271 4007 1272 4026 ¹
