2536 4350
200 193 223 268 ='
283 231 358 344 4⁶8
441 211 511 299 ne
538 206 829 326 Anouronu
855 213 1146 344 ‘murmur¹
1249 189 1252 196 “

283 405 417 514 quibus
436 401 731 522 saepe'premnr,
758 402 928 502 negotia,
952 399 1123 504 corporis¹
1143 401 1245 479 imbe-

284 507 432 593 cillitas,
456 503 593 606 altaque
618 499 843 582 obstitissent.
912 503 1154 606 Opportune
1167 530 1244 580 vern

132 636 136 660 ⁸
281 610 380 700 hisce
394 607 542 702 diebus,
564 603 695 720 quibus
710 601 893 683 obsrassas
909 603 1018 710 plane
1032 603 1129 684 vires
1143 605 1246 708 pubii-

147 779 148 788 Ν
284 715 336 792 cis
359 736 401 790 ac
420 706 817 788 ordinarirsiaboribus
841 705 965 783 vacare
981 731 1062 784 non
1075 729 1239 810 poteram,

202 839 206 864 ·
282 815 413 898 horum
429 810 519 888 mihi
532 807 659 888 denuo
675 807 715 886 in
728 830 890 886 mentem
904 807 1014 886 venir.
1089 807 1247 914 Qapm

280 937 365 1020 pter
376 911 492 992 nullas
507 907 642 991 diutius
658 931 779 987 moras
792 909 1031 1012 interponere
1047 909 1166 1001 volui,
1181 939 1242 1014 qur

280 1021 402 1096 minus
415 1011 516 1092 dido
531 1013 614 1089 Tru
631 1009 780 1090 audiens
803 1005 928 1095 essem3
953 1009 1014 1088 sed
1032 1011 1147 1100 haec,
1168 1041 1241 1116 quat

282 1117 406 1210 vides,
428 1115 467 1194 in
482 1114 640 1206 litteras,
656 1111 767 1190 debili
783 1111 871 1190 licet
885 1135 1015 1200 manu,
1036 1111 1182 1192 referre
1196 1117 1233 1191 u

161 1259 169 1324 '.
262 1221 350 1299 'tim
372 1215 508 1322 eoepi,
533 1235 573 1294 vt
602 1239 648 1290 ex
675 1212 718 1292 iis
747 1205 796 1290 de
818 1235 905 1292 toto
925 1237 1064 1318 opere,
1089 1217 1232 1319 quodi

281 1325 567 1402 Pnnosrnntvm
592 1340 635 1392 ac
653 1313 701 1416 de
714 1315 934 1396 Anouronro
953 1313 997 1392 ab
1016 1315 1147 1418 aliquo
1171 1343 1232 1397 ten

242 1498 245 1508 ,
279 1419 376 1528 p'ore
392 1415 546 1510 molior,
568 1413 726 1496 iudicare
739 1415 868 1520 posses.
925 1419 1033 1494 ·Sunr
1044 1417 1139 1498 mihi
1154 1447 1237 1522 quar

278 1521 435 1630 plurima
460 1519 555 1597 hanc
581 1519 620 1596 in
648 1541 726 1596 rem
754 1516 960 1618 obseruata,
986 1543 1083 1620 quae
1113 1547 1175 1607 aut
1196 1525 1241 1596 aii

279 1619 424 1732 prorsus
449 1619 718 1725 neglexerunt,
751 1641 812 1696 aut
832 1623 950 1698 minus
970 1643 1098 1700 curate
1129 1645 1240 1729 penn-

279 1727 434 1810 etarunt.
515 1719 612 1800 illud
642 1729 765 1798 tamen
792 1717 840 1800 de
867 1719 1024 1819 resistitis
1051 1725 1237 1804 Aponon

222 1859 228 1872 ¹
279 1825 488 1930 imaginibus
517 1845 770 1926 argumentum
793 1847 879 1928 prae
900 1821 1033 1900 ceteris
1052 1821 1186 1932 selegi,
1204 1823 1231 1898 ie
1254 1845 1255 1852 ¹

79 2013 83 2024 ,
278 1955 356 2034 qun
376 1925 422 2009 ad
435 1927 495 2002 Tu
511 1925 633 2030 paullo
656 1923 799 2028 plenius
816 1921 1048 2019 dissererem,
1073 1929 1181 2030 quod
1196 1929 1237 2004 'ir

147 2109 151 2114 .
279 2029 370 2112 mihi
386 2027 481 2106 illius
498 2023 708 2104 excutiendi
720 2025 982 2104 vnusomnium
998 2025 1236 2107 amorraeus

127 2205 130 2214 ,
279 2132 344 2216 illa
364 2125 735 2226 scilicetve'rbaTvn,
761 2127 892 2230 quibus
908 2127 947 2203 in
964 2128 1106 2218 litteris,
1131 2129 1245 2230 pridie

277 2231 366 2314 Idus
380 2227 547 2308 februarii
563 2231 606 2308 A.
621 2229 911 2310 muccxvru.
925 2227 970 2306 ad
987 2255 1046 2308 me
1057 2225 1159 2320 datis.
1170 2249 1246 2305 vre-

279 2331 393 2414 baris:
415 2325 503 2426 abfit
524 2355 605 2406 uero
622 2351 662 2404 'et
674 2357 698 2406 a
712 2351 748 2407 te
761 2351 796 2407 et
814 2357 839 2408 a
851 2357 925 2418 mr,
948 2329 1138 2434 vtfhsrrsas
1152 2329 1243 2408 issar.

278 2461 370 2541 quas
383 2429 561 2536 fiquioris
581 2432 711 2508 aeratis
732 2433 858 2510 Graeci
877 2453 913 2508 et
927 2433 1048 2528 Latini
1068 2433 1115 2512 de
1144 2435 1240 2513 Tem·

278 2537 449 2621 maribus,
477 2533 702 2635 Byzantinis,
734 2553 770 2610 rt
787 2533 876 2644 ⁸aliis
895 2533 1070 2636 Apollonii
1094 2539 1245 2632 conſsran-

278 2649 381 2729 runt,
390 2655 457 2738 pro
471 2637 566 2728 ueris
580 2635 789 2734 adoptemur.
825 2635 949 2728 Haec,
962 2631 1237 2738 inquamffem

182 2741 188 2760 ⁸
280 2739 367 2816 Tun
376 2763 437 2820 me
451 2733 668 2839 potiffimunr
684 2733 896 2823 excitarunt,
910 2759 962 2822 vt,
976 2737 1117 2839 quibus
1128 2751 1243 2814 omnes

276 2841 346 2922 hae
363 2838 586 2916 narrationes
601 2835 845 2915 fundamentis
859 2838 1088 2932 niterentur,
1107 2839 1242 2938 diligen

153 2941 160 2970 ‘
277 2942 348 3022 tius
369 2940 597 3040 inquirerem.
675 2937 838 3030 Fmsius,
862 2965 977 3042 quem
1000 2943 1114 3044 cepi,
1132 2939 1244 3045 qualis·

279 3067 437 3145 cumque
447 3039 649 3136 industriae,
662 3037 794 3128 hicest,
809 3065 920 3142 quem
926 3035 1242 3144 Tunvirampsirff·

276 3173 352 3232 me,
378 3137 614 3222 nuncaffero.
668 3141 754 3234 Tu,
779 3141 933 3243 quaeso,
958 3167 1064 3221 exeo
1080 3143 1243 3223 iudiciur:

276 3247 389 3340 seras,
413 3267 459 3321 an
472 3242 520 3320 'in
543 3243 661 3318 iucem
682 3242 948 3347 protrahenda,
970 3269 1018 3322 an
1040 3271 1139 3324 vero
1158 3265 1240 3324 tent

276 3349 350 3428 bris
363 3343 585 3438 deuouenda
600 3341 686 3439 smt,
700 3363 803 3447 ‘quae
815 3347 861 3426 de
863 3329 942 3448 fide
953 3344 1119 3444 historica
1129 3351 1236 3424 Pauu-

275 3475 427 3543 arnnm,
447 3447 490 3525 de
504 3443 749 3544 existimatione
763 3450 988 3533 Arortomr,
1012 3447 1058 3525 de
1072 3447 1221 3626 Asnam·

275 3549 399 3653 ipsus,
427 3573 536 3650 quam
574 3571 772 3649 numquam
813 3547 884 3626 esse
924 3545 1074 3636 sacram,
1131 3543 1238 3662 iqui-‘³

93 3663 97 3686 ¹
209 3665 218 3706 ⁸
276 3649 488 3735 ostendam,
515 3647 665 3751 aliisque
677 3649 866 3727 maximam
880 3671 1022 3756 partem
1040 3649 1092 3730 ab
1110 3649 1244 3730 aliisu-

120 3791 127 3801 ·
275 3751 386 3843 sieiis,
412 3747 892 3856 mihimseadnotatasmr.
1170 3841 1235 3946 §¹¹
