2470 4360
132 187 160 346 J
262 259 333 370 ⁶4²
365 242 384 322 3
445 243 516 352 ou
541 233 1063 370 ourinaacaoaum.

167 485 173 494 -
263 433 379 512 Nunc
391 415 687 530 vnumtantums
705 445 743 502 et
764 424 886 526 inagtai
905 425 1106 528 ponderis,
1123 427 1201 506 oln'-

261 555 352 610 mus.
405 531 517 604 Forte
532 526 727 606 Gallorum
742 547 781 601 et
805 526 1064 616 Britannorum
1087 529 1190 604 studii

20 623 21 636 Ν
140 695 141 700 a
240 696 244 714 ,
262 633 436 712 iuuentus
452 627 572 704 multo
585 614 742 704 vitiosius
757 627 912 719 vireret,
933 653 1046 730 quam
1062 621 1187 706 nollnl

243 728 247 743 '
263 759 380 836 aeque
393 730 508 808 libere
522 733 664 806 uiueret
679 751 787 829 atque
799 729 938 818 nostra,
953 729 1148 832 multoque
1157 757 1189 830 p.

199 835 202 842 '
261 836 341 914 uius
355 852 545 936 peccaret,
569 827 723 934 suaeque
738 828 862 918 facile,
889 855 931 908 ac
945 831 1075 909 nostra
1088 859 1199 936 perne

186 989 188 1010 .
259 933 411 1043 pollet²

223 1157 226 1164 ’
277 1081 279 1088 y
310 1137 431 1239 Leges
445 1135 618 1256 Optimae
635 1135 855 1216 Academiae
872 1133 984 1213 iustae
1001 1134 1086 1228 lint,
1099 1134 1205 1214 neces.

140 1279 146 1298 a
243 1237 526 1341 ‘est,aequ1tan
547 1235 827 1340 consentaneae,
852 1237 1010 1340 ingeniis
1031 1239 1204 1318 liberalibus

244 1339 396 1440 dignae
415 1364 494 1418 non
520 1339 730 1440 mancipiis,
754 1339 915 1442 ideoque
937 1365 1012 1417 nec
1034 1337 1200 1419 mollesni-

261 1443 352 1530 mis,
373 1465 445 1518 nec
465 1463 609 1544 praeter
629 1441 784 1518 modum
799 1439 962 1520 seuerae.
1040 1439 1202 1538 Florentii

249 1535 381 1620 ‘bertas
402 1541 637 1622 Academiae:
663 1541 797 1620 liberos
820 1544 916 1618 enim
940 1543 1110 1620 homines
1126 1563 1156 1616 et
1172 1540 1202 1612 li·

74 1641 77 1650 ’
137 1672 139 1676 ’
261 1642 440 1722 beralibns
454 1641 578 1720 studiis
593 1642 741 1720 deditos
754 1643 918 1720 libertate
931 1640 1202 1726 honestafiuifas

261 1745 331 1822 est:
357 1749 410 1822 At
423 1743 574 1822 modum
589 1767 712 1822 tamen
727 1745 853 1820 cadem
867 1745 1000 1822 habeat
1014 1745 1214 1834 libertasse}

259 1846 301 1924 in
311 1845 495 1924 licentiam
510 1843 679 1923 desciscat
691 1845 910 1950 reipublicae
926 1867 964 1923 et
979 1848 1104 1948 pietati
1122 1843 1204 1922 noxi·

169 1953 171 1962 ’
260 1973 328 2025 am.
380 1945 577 2037 Vindicem
592 1971 682 2024 vero
698 1947 752 2022 lue
766 1947 866 2050 leges
883 1947 1044 2025 habeant
1057 1970 1189 2050 aequum

203 2129 208 2144 ,
258 2042 391 2131 iustum
403 2071 443 2126 et
456 2046 573 2125 salutis
588 2049 722 2125 ciuium
739 2045 1017 2150 cupidissimum,
1029 2049 1089 2152 qui
1102 2047 1199 2124 ercle

179 2207 180 2214 κ
224 2201 227 2209 ›
259 2174 365 2228 mens
379 2147 448 2226 else
463 2173 548 2228 cum
563 2148 716 2226 maxime
732 2147 872 2250 cupiat,
899 2173 938 2227 et
951 2171 1205 2230 caueattamen,

212 2281 215 2308 τ
259 2274 308 2328 ne
324 2250 474 2328 inertiae
497 2249 767 2328 condemnetur
786 2272 824 2326 et
843 2249 963 2353 pestes
981 2252 1013 2326 in
1028 2245 1203 2348 republica

257 2347 402 2430 toleret.
454 2351 506 2427 lta
522 2349 594 2444 est,
621 2349 724 2452 quod
741 2351 844 2428 multi
861 2353 975 2430 aiunt:
995 2351 1096 2426 Enot
1108 2341 1214 2426 ltcilei

257 2449 405 2556 obrepit
418 2451 553 2529 teneris
568 2451 710 2530 animis:
727 2468 798 2529 nec
817 2451 956 2530 idcirco
978 2451 1082 2530 nimis
1096 2448 1214 2526 ecrite*

203 2607 207 2618 »
257 2553 499 2656 castigandus:
519 2575 555 2629 at
574 2551 604 2629 is
617 2551 690 2654 ipse
706 2577 827 2646 error,
853 2555 914 2659 qui
937 2575 1009 2632 tam
1031 2552 1136 2630 sacile
1153 2546 1205 2626 aui·

257 2672 338 2734 ntos
352 2651 531 2734 „nondum
553 2651 965 2748 confirmatosinuadit,
989 2655 1198 2732 constantem

102 2771 111 2789 '
136 2793 145 2802 ’
255 2755 330 2834 Sibi
346 2753 469 2834 sensim
490 2753 612 2838 sedem
627 2754 723 2858 figit,
736 2771 786 2832 ¹et
804 2757 953 2834 morbus
973 2755 1015 2834 lit
1034 2753 1202 2860 propeia

148 2889 156 2905 ¹
255 2855 427 2950 sanabilis,
440 2855 503 2934 nisi
512 2863 876 2934 matureco'e'rceatur.
926 2858 1192 2958 Quocirca,ea

236 2956 409 3076 ,quidem
426 2957 565 3034 iudicio
585 2957 624 3034 in
649 2959 786 3062 optima
811 2956 1007 3036 Academia
1030 2956 1198 3045 leuioriso

110 3113 112 3124 ‚
207 3141 210 3154 ,
254 3065 364 3138 ettam
388 3063 567 3162 peccatis,
600 3081 692 3160 quae
712 3055 1013 3164 atrociumsaepe
1039 3061 1207 3138 criminun

252 3159 353 3239 initia
369 3159 468 3254 sunt,
490 3157 682 3236 moderate
696 3183 734 3238 et
754 3159 929 3264 sapienter
955 3155 1212 3242 occurrendum

247 3261 315 3340 est.
366 3259 451 3340 lllos
466 3285 555 3338 vero
570 3260 689 3353 ciues,
715 3263 838 3364 quine
853 3263 1042 3364 cogitant,
1058 3257 1199 3364 quidem

251 3361 288 3444 se
303 3361 451 3445 diuinae
474 3363 723 3462 humanaeque
739 3360 929 3466 sapientiae
942 3361 1041 3440 filios
1058 3361 1142 3454 elle,
1157 3385 1203 3436 ne

250 3461 316 3572 ipsi
330 3485 472 3546 tantum
484 3467 524 3543 in
539 3461 637 3566 leges
651 3463 811 3560 irruunt,
839 3463 901 3544 sed
920 3483 959 3543 et
981 3463 1060 3544 aliis
1079 3463 1129 3542 ad
1144 3485 1210 3568 pec

1149 3589 1194 3642 ca

293 3721 307 3752 ²
327 3718 391 3818 lpse
404 3725 480 3790 enim
494 3723 597 3790 lorum
614 3724 765 3795 hominnm
777 3747 841 3793 com
855 3725 1024 3794 incredulis
1043 3727 1205 3812 ingenium

333 3821 433 3896 11891»
454 3825 514 3872 tom
534 3809 716 3876 nesciocuius
732 3813 864 3878 libertatis
882 3831 964 3876 amor
976 3811 1034 3874 ltot
1045 3811 1178 3874 sudoris

333 3881 448 3963 aaran,
465 3905 496 3952 vt
508 3889 733 3990 deceptricem
745 3911 860 3987 eccam
871 3893 1049 3962 molimur.
1069 3893 1153 3974 (Μ.)
