2458 4340
11 269 12 274 ¹
140 197 955 396 murmurNosmumnsnmu
971 285 1043 362 333

64 475 176 539 nere,
202 440 506 526 molesteserunt.
552 441 793 543 Atqui,hos‘s1
809 441 990 542 excedant
1003 445 1066 524 11.‘

62 553 195 637 mites,
234 544 340 722 pund
367 539 543 620 nonnulli·
559 539 681 620 facere
702 539 875 622 videntur
893 551 1046 632 vereor,
1109 546 1113 558 ’

64 651 221 730 vtsaiuo
264 643 379 723 iueffc
392 667 503 747 queat
517 643 717 726 concordia
732 645 864 724 nostra.
912 647 1048 725 Memi-
1130 703 1133 710 J

61 759 129 840 ni,
148 774 212 828 me
226 749 353 850 legere
363 767 402 826 et
414 745 538 823 audire
551 745 738 847 quisdam,
757 747 882 824 bonus
896 745 1049 849 quidem

62 856 174 939 iilos,
198 849 365 953 lepidos,
390 845 550 938 facetos,
565 869 604 938 et
617 847 830 952 ingeniosos
844 848 965 935 viros,
986 875 1049 928 vc·
1114 939 1117 952 ,

11 969 13 1028 2
63 977 150 1035 rum
169 949 415 1028 immoderato
436 947 571 1052 patriae
592 973 718 1027 amore
737 949 905 1037 inflatos,
932 975 1048 1052 quum

65 1056 289 1141 statuerent,
314 1071 375 1128 aut
398 1073 448 1126 ne
473 1047 565 1152 quid
590 1051 699 1129 nimis
720 1048 860 1141 dicam',
890 1051 1049 1132 statuere

11 1241 12 1244 a
64 1156 302 1241 viderentur,
327 1149 408 1230 indi
459 1175 525 1228 um·
543 1149 682 1232 facinus
706 1151 798 1240 eise,
833 1163 1048 1256 germanum
1147 1201 1149 1210 ι

62 1256 260 1338 hominem
276 1253 391 1332 latino
420 1252 961 1358 ermouelibroscomponcre,
982 1255 1064 1377 de-z
1159 1337 1161 1349 ,

63 1358 179 1438 terius
192 1356 302 1434 etiam
318 1373 358 1436 et
370 1354 529 1432 stuetum
545 1353 673 1458 plane,
699 1379 829 1434 cauere
845 1357 922 1434 hoc
935 1357 1052 1444 uehe-

33 1489 35 1495 '
63 1479 212 1540 menter
227 1479 422 1560 germanos
439 1456 550 1534 latine
571 1454 785 1556 scribentes,
810 1453 970 1562 nequid
991 1485 1050 1537 cc-

63 1564 166 1640 lamo
190 1557 335 1638 excidat
361 1557 536 1636 Romanis
567 1558 709 1638 auribus
729 1559 910 1639 insuetum
935 1583 973 1640 et
990 1563 1050 1640 in·

62 1662 208 1748 solens,
236 1661 447 1762 bonamque
469 1665 667 1763 temporis,
692 1661 796 1764 quod
807 1662 952 1742 maioris
966 1689 1049 1741 mo-

11 1791 13 1796 ‘
63 1767 185 1844 menti
200 1763 309 1842 rebus
322 1759 490 1864 impendi
504 1783 671 1864 poterat,
696 1763 735 1839 in
749 1763 947 1842 verborum
968 1766 1050 1844 iati-
1080 1827 1107 1843 ..

64 1889 201 1946 nonina
225 1887 264 1942 et
284 1865 480 1941 nominum
505 1863 746 1966 potestatibus
770 1865 991 1969 indegandis
1009 1889 1050 1948 ct

66 1964 236 2047 limandis
256 1965 433 2070 perdere;
469 1963 611 2066 legibus
633 1964 842 2080 principum
866 1973 1048 2049 coercen-
1132 1962 1134 1970 ’

66 2069 153 2148 dam
176 2065 247 2146 eise
269 2065 415 2145 latinam
434 2065 532 2144 iliam
552 2065 729 2158 scabrem,
753 2093 847 2186 quae
870 2093 917 2146 ex
939 2068 1049 2149 scho-
1130 2080 1132 2088 ‘

67 2165 110 2248 iis
138 2167 271 2272 egressa
295 2165 515 2255 uniuersam,
539 2193 609 2274 qua
636 2191 738 2272 patet
765 2171 1048 2264 rn-Gerntania,

68 2272 332 2376 rempublicam
377 2269 556 2351 eruditam
604 2271 759 2376 turpiter
807 2276 1046 2354 contaminet.
1108 2345 1112 2360 ,

11 2375 13 2386 ’
72 2371 213 2450 Haecfi
229 2395 316 2450 vete
328 2370 490 2460 sentiunt
503 2372 570 2448 viri
583 2374 775 2476 praeclari,
797 2401 871 2478 ego
885 2377 1047 2478 quidem,

11 2543 12 2546 a
75 2472 285 2572 quodbona
302 2495 430 2552 eorum
448 2495 532 2550 cum
550 2473 764 2574 gratiamur,
792 2476 959 2578 profiteri
980 2479 1047 2554 mi·

11 2583 13 2596 ’
73 2573 175 2650 nime
195 2574 344 2662 dubito,
368 2573 470 2652 secus
489 2573 578 2652 mihi
607 2573 744 2662 videri,
778 2597 817 2652 et
830 2574 1047 2658 sententiani

11 2689 12 2692 ‘
68 2671 165 2753 iiiam
190 2674 323 2779 patriae
342 2675 488 2754 nostrae
511 2699 591 2754 non
609 2677 747 2782 gloriae
760 2698 902 2771 tentum
915 2703 1047 2760 verum
1154 2763 1157 2768 ,

71 2777 177 2858 etiarn
191 2777 292 2860 saluti
304 2779 451 2859 noxiam
474 2773 553 2855 effu
967 2792 971 2800 ·

120 2981 311 3086 Principio
331 2977 638 3082 certiffimus'ego
651 2975 750 3070 sum,
776 3003 857 3058 non
872 2979 1047 3086 expedire

75 3082 319 3188 reipublicae,
343 3105 383 3162 vt
395 3105 635 3188 quaecunque
647 3081 744 3161 inter
759 3081 861 3162 viros
881 3082 1070 3176 eruditos,

54 3205 313 3358 punctuatur,
349 3207 389 3263 et
416 3185 661 3289 disputantur,
690 3186 813 3263 omnia
840 3183 1046 3303 promiscue

91 3307 239 3367 timone
253 3287 421 3392 populari
435 3286 665 3391 explicentur
679 3309 718 3366 et
733 3285 873 3366 cuncus
888 3287 1045 3405 legenda
1127 3389 1133 3395 ν

76 3389 319 3469 exhibeantur.
373 3391 466 3467 Sunt
478 3387 678 3492 quaedam,
703 3387 768 3468 nist
787 3415 851 3467 me
862 3383 953 3468 fallit
965 3390 1045 3495 opi·

61 3491 158 3594 ⁴niu,
181 3515 276 3595 quae
296 3487 434 3569 nescire
455 3489 539 3569 ilios
551 3481 566 3578 ,‘
591 3489 694 3568 satius
715 3489 788 3581 est,
812 3491 944 3601 quibus
965 3513 1045 3586 tan·

73 3605 150 3666 turn
162 3616 290 3672 natura
303 3593 450 3670 luminis
464 3591 559 3670 haud
575 3589 701 3680 dedit,
724 3613 766 3670 vt
783 3615 856 3672 atra
871 3593 947 3671 alba
1002 3617 1045 3678 c,

74 3709 199 3773 vertet
212 3693 292 3774 falsa
307 3693 411 3774 facile
423 3692 631 3774 discernere
645 3690 800 3798 poffint,
823 3719 933 3798 quam
960 3695 1046 3773 cire.
1093 3742 1096 3757 ·

72 3787 570 3913 luttrccrefero'miuetsum
582 3793 1047 3974 illamphilosopiuamaatb«
1174 3877 1184 3890 ,

576 3942 579 3947 .
719 3951 722 3956 ,
1011 3919 1046 3974 u,
