2538 4368
225 284 274 364 ar
383 263 387 277 ·
477 258 965 350 conunurnrro
1072 249 1104 322 ·:

219 481 221 492 ⁴
248 464 254 475 '
280 452 641 540 aeiuuennrtibonis
659 449 750 533 etin
776 451 879 546 enuis
902 451 1038 531 artibus*
1050 453 1214 552 deditae,

131 627 135 648 ,
225 481 367 643 debeo,
382 554 605 660 praestanda.
653 553 722 660 Ipsi
764 556 1125 660 eniqueAcedemine
1139 560 1212 636 hu-

137 675 140 682 ’
225 659 417 751 inopinos,
447 655 647 735 sranirnum
660 656 865 750 aduertam,
896 656 942 736 ad
963 655 1123 736 officium
1140 661 1216 738 rite

99 755 103 763 ’
164 834 168 842 ,
227 759 444 840 obeundum
458 783 519 834 ine
533 757 829 836 adhortrbun'tur.
873 759 1043 864 Qorum
1057 760 1231 861 quidem·

129 865 131 870 ’
226 855 1221 968 parslongernoxima,quodnonaffentrndistudium,

153 963 157 980 '
224 963 291 1045 sed
307 962 434 1042 vetitas
454 960 609 1038 scribere
623 961 745 1054 iubet,
775 963 888 1062 quur'n
910 971 1024 1038 oinne
1047 963 1218 1061 dedecus

158 1101 160 1109 ·
225 1061 1216 1168 fitgirtetmtidestite,diligentiaeprobitrtis,omnis·

190 1175 193 1184 “
225 1191 301 1271 que
316 1164 404 1244 seui
421 1164 534 1242 moris
549 1165 755 1266 exemplum
770 1165 845 1242 aliis
858 1166 995 1266 praeire
1007 1167 1214 1283 queot,hoc

183 1360 186 1370 Ι
226 1268 319 1348 mihi
334 1263 503 1369 quotidie
524 1289 688 1342 arcannn
712 1268 750 1343 in
765 1291 887 1342 aurern
902 1265 1073 1347 diciabrt:
1115 1268 1215 1346 Boni

227 1371 350 1475 gregis
364 1366 498 1443 malunt
514 1366 647 1452 ducent
662 1367 714 1443 rei
729 1368 895 1469 publicae
909 1368 1046 1470 pestem
1065 1365 1147 1460 eise,
1163 1366 1218 1446 fn-

227 1473 408 1572 cibusque
424 1469 541 1570 prauis
557 1493 686 1545 eorum
704 1470 889 1572 exemplis,
910 1470 972 1572 qui
987 1469 1106 1546 altiori
1123 1469 1216 1547 loco

143 1587 160 1626 ·‘
227 1570 403 1652 collocati
423 1567 515 1663 sunt,
541 1571 900 1674 corrumpianimos,
925 1569 1214 1674 qurmstndiifli.

228 1674 299 1752 mir
315 1671 519 1777 praeceptis
537 1671 733 1748 emendari.
1031 1681 1035 1688 '

259 1855 262 1861 ,
281 1773 344 1853 Ad
359 1795 560 1851 eruemutn
577 1795 752 1876 quantuni
766 1771 811 1850 td
821 1797 882 1849 me
891 1772 1123 1852 excitandum
1133 1797 1216 1851 non

227 1879 368 1970 minus,
392 1901 500 1978 quarn
516 1876 808 1971 continendum,
836 1873 1007 1956 conferre
1019 1873 1128 1978 poffit
1142 1875 1217 1953 sre-

134 1989 143 1996 “
228 1997 348 2160 pueris
362 1976 605 2080 confideretio
620 1974 835 2054 admirabilis
849 1975 944 2055 illius
957 1976 1215 2080 prouidentiae

259 2081 407 2173 iuinae,
430 2105 524 2181 quae
543 2077 662 2156 adhuc
681 2078 776 2156 vitre
798 2102 901 2154 mere
923 2076 1063 2155 cursum
1083 2079 1214 2180 guber·

229 2181 333 2264 nouit
340 2237 352 2276 ,
378 2178 530 2286 copiose
550 2205 793 2281 exponerem,
821 2175 909 2256 iide
923 2203 1012 2272 me„
1033 2181 1216 2283 rebusque

229 2283 323 2364 meis
339 2281 541 2360 commode
556 2280 598 2358 ali
626 2281 692 2358 uid
715 2304 753 2358 et
766 2281 905 2361 decore
928 2305 1026 2357 arne
1048 2305 1215 2359 curnrne-

140 2418 143 2426 ·
231 2385 367 2465 morari
382 2382 499 2486 poiie,
524 2307 782 2460 maderent·
817 2381 946 2459 Dicam
963 2383 1097 2486 paucis,
1120 2405 1213 2484 quae

9 2567 12 2578 ,
119 2508 124 2518 ’
232 2485 308 2568 stne
321 2487 412 2564 vitio
429 2505 467 2562 et
482 2483 617 2562 inuidia
631 2483 722 2576 dici,
747 2483 859 2562 et'vix
875 2481 949 2562 fine
964 2479 1215 2588 reprehensio·

231 2615 283 2670 ne
297 2587 419 2666 omitti
442 2584 544 2688 poffe
564 2585 728 2664 arbitror.
784 2585 911 2663 Sentio
932 2609 992 2662 rne
1012 2585 1051 2664 in
1072 2588 1217 2688 voragi-

124 2725 131 2739 “
231 2713 321 2770 nern
350 2687 547 2792 quamdam
581 2687 754 2768 variarum
792 2688 1059 2788 cogitationum
1091 2687 1217 2790 abripi,
1267 2701 1268 2704 ‘

231 2806 346 2896 quum
369 2812 528 2869 attentus
548 2787 705 2868 sntonnn
725 2811 894 2866 meorum
915 2790 1077 2894 oprimis
1091 2791 1215 2868 aetatis

232 2921 338 2972 meae
352 2889 641 2978 annissordinem
657 2915 801 2968 mecum
815 2914 966 2993 repeto:
993 2915 1097 2994 eque
1112 2911 1217 2967 nurn-

138 3057 142 3064 .
230 2998 353 3098 quant,
372 2991 435 3072 nifi
451 2993 601 3070 coelesti
617 2991 780 3094 quodum
795 2992 892 3093 igne,
920 2990 1034 3070 sthoc
1052 2990 1152 3070 ditiu
1164 2987 1218 3068 sas

231 3097 310 3188 est,
330 3091 521 3189 accensus,
548 3093 613 3172 nisi
627 3095 757 3196 pierius
834 3091 1080 3198 tiffirnreergn
1096 3090 1218 3196 supre-

231 3221 335 3276 mum
351 3199 506 3274 Numen
519 3195 714 3272 voluntatis
726 3219 767 3274 re
795 3217 852 3270 eo.
910 3194 953 3272 ld
969 3219 1062 3273 vero
1079 3191 1216 3313 potiiii-

232 3321 337 3376 mum
350 3297 440 3374 mihi
460 3297 585 3376 euenit
603 3321 645 3373 er
663 3299 949 3390 commentanti,
973 3321 1067 3400 quae
1083 3289 1216 3400 ingres-

210 3397 310 3488 ,sum
340 3397 429 3476 mihi
459 3399 498 3478 in
524 3399 773 3504 prouinciam,
805 3397 866 3476 cui
889 3421 940 3475 nu
968 3421 1009 3477 er
1030 3395 1217 3504 impofitus

232 3499 331 3591 sum,
356 3523 586 3602 aperuerunt.
643 3499 817 3580 Latebant
834 3423 1074 3594 interdibtos,
1099 3498 1215 3576 minu·
1265 3577 1266 3588 Ν

232 3623 362 3708 resque
376 3598 505 3678 diuersi
520 3601 665 3704 generis
685 3627 787 3682 curas
803 3601 973 3695 rbdints,
1003 3600 1220 3704 fabulaeque

233 3727 339 3784 meae
356 3723 526 3780 nontam
542 3729 682 3782 nouum
698 3703 943 3808 orium,qurm
958 3703 1106 3796 exitum,
1118 3725 1222 3780 cont·
1265 3775 1266 3802 ,

232 3803 352 3913 potita
365 3825 492 3884 mente
504 3803 769 3912 exspertum:
801 3808 947 3911 iamque
957 3804 1141 3888 tumulum
1152 3801 1224 3988 mdi-

1 4007 3 4088 Ὗ
