2538 4368
185 243 192 253 ·
253 232 339 319 »ut
358 181 662 314 attenuatio
691 235 836 356 vnn„
986 241 1038 328 rs·
1153 239 1174 358 s

273 413 277 416 ·
411 426 478 512 ,5.
523 417 634 495 xiv.
729 449 732 457 =
1092 401 1103 416 '

112 513 274 596 Vixvero
287 515 460 619 opusesle
475 515 640 608 arbitror,
660 519 726 594 Vir
740 515 967 618 Ampliffime,
976 517 1030 598 di·

81 611 374 721 bscomprobate
387 616 472 696 sacri
484 615 624 696 codicis
639 620 778 694 hancce
791 643 909 694 meam
924 619 1031 696 inter·
1140 687 1145 696 .
1225 692 1227 702 ,

78 719 318 819 pretationem,
343 733 413 820 qua
430 720 625 810 rationem,
658 743 722 796 cur
737 717 830 794 mori
847 743 927 794 non
942 745 1029 823 pos·
1115 769 1125 786 ι

75 813 112 909 it,
128 823 354 898 Structorem
371 820 488 898 verbis
502 819 570 898 illis
584 817 791 910 reddidiue,
806 841 910 922 puto.
953 824 1031 898 Ne·

36 933 39 1078 r
73 921 202 1014 anerei,
233 919 551 1022 conspirationum
570 946 601 993 v.
623 945 678 1008 ςι.
702 922 841 1020 aliaque
864 919 941 998 ntis
961 945 1032 1026 pro
1177 977 1182 984 .

73 1045 120 1096 ue
136 1021 341 1125 loquuntur.
392 1025 438 1098 Et
452 1020 541 1122 quid
556 1020 717 1122 denique
736 1021 859 1099 notius
874 1017 1033 1098 exueris

35 1113 38 1206 i
72 1119 198 1222 literis,
233 1123 388 1226 gloriam
409 1123 565 1201 Domini
583 1121 696 1200 nostri
717 1123 801 1224 post
820 1121 1033 1202 sustentatus

69 1218 196 1302 labores
215 1221 324 1328 ipsius,
342 1213 612 1326 perieciiffimae
640 1221 835 1318 transcribi¹
852 1221 1033 1301 obedien-

33 1403 34 1410 ,
70 1326 160 1399 tiae?
201 1359 338 1432 υπηκοοε
368 1347 443 1400 erat
469 1355 585 1424 μεχυ
614 1328 759 1409 Sutura*
771 1377 782 1417 ,
820 1329 980 1414 savara.
998 1319 1034 1406 la

72 1456 172 1529 rouen.
238 1431 316 1508 Διί
331 1425 393 1524 argei
421 1462 438 1506 t
471 1429 552 1508 Stat
583 1461 684 1508 morer
708 1428 936 1530 ensentium,
974 1423 1034 1525 nni

70 1558 259 1628 muctam
291 1560 386 1608 aare
413 1561 513 1626 ονομα
539 1561 623 1631 anre
647 1562 719 1610 naa
743 1561 853 1626 oropo.
880 1527 966 1632 Phil.
989 1531 1034 1604 ll.
1080 1565 1086 1580 r
1116 1555 1123 1562 ·

73 1641 95 1714 l.
102 1652 131 1714 9.
183 1629 301 1706 Mitto
314 1625 460 1730 reliqua,
478 1653 527 1706 ne
541 1629 581 1709 in
596 1655 635 1708 re
650 1627 834 1706 manifesta
847 1627 954 1708 nimis
968 1628 1033 1708 tibi
1121 1707 1126 1712 .

30 1799 31 1824 p
71 1725 252 1808 laboriosus
268 1727 397 1806 videar.
469 1733 604 1831 Neque
622 1755 711 1807 vero
735 1731 772 1808 in
786 1731 848 1815 iis,
879 1725 971 1832 quae
987 1727 1033 1806 ad

29 1859 32 1942 μ
75 1827 332 1908 colustrandam
356 1829 451 1908 hanc
471 1855 556 1906 cnm
577 1829 740 1910 hostibus
761 1829 893 1910 Christi
915 1827 1034 1930 dispu-

29 1953 31 2010 l
70 1929 318 2010 tationemltuc
331 1955 445 2034 usque
460 1929 578 2022 attuli,
605 1929 1034 2010 Teminiaduersnurum

28 2012 30 2092 l
71 2029 144 2115 elle,
157 2033 334 2110 existimo.
385 2030 549 2110 l'ortaffis
567 2057 645 2109 non
661 2059 678 2108 a
694 2033 783 2110 meis
797 2034 890 2108 adeo
904 2032 1035 2109 abbor-

69 2153 155 2214 rent,
175 2157 267 2236 quae
283 2131 332 2210 de
347 2133 479 2210 ordine
494 2155 530 2210 et
545 2158 642 2210 nexu
660 2137 712 2212 Tu
731 2159 800 2235 pro
815 2131 942 2235 insigni
960 2134 1035 2214 lira

73 2231 260 2312 eruditione
276 2235 457 2312 monuisti.
518 2237 577 2312 De
597 2235 783 2338 principiis
803 2236 924 2335 itaque
940 2233 1036 2311 inter

27 2335 28 2416 i
67 2355 131 2408 nos
142 2359 214 2414 non
230 2336 301 2428 erit
316 2333 574 2427 controuerso,
599 2333 660 2412 sed
676 2335 723 2412 dc
742 2333 1038 2414 conclusionibus

27 2429 31 2524 i
66 2431 146 2512 intie
157 2437 283 2514 duciis.
344 2436 406 2514 Ad
422 2459 530 2535 caput
544 2436 641 2512 enim
658 2437 780 2514 ceulie
796 2438 866 2514 iam
883 2459 1035 2514 ventum
1136 2499 1140 2510 .

27 2543 28 2556 ¹
66 2535 141 2616 eliz
175 2538 256 2627 vbi,
269 2537 357 2639 quid
373 2536 421 2614 de
436 2539 509 2614 Die
525 2537 658 2616 Christi
679 2539 725 2614 ab
742 2539 951 2616 Abrabemo
966 2535 1037 2614 visa

65 2632 311 2716 llantidebere
325 2636 510 2729 censeam,
541 2663 585 2714 ex
608 2636 650 2714 iis
663 2664 755 2739 quae
770 2637 932 2740 praemisi
947 2637 1036 2716 mihi
1106 2674 1110 2682 2

64 2737 320 2840 exponendum
333 2741 395 2818 est„
447 2737 562 2842 Qrod
578 2737 745 2839 quidem
763 2739 887 2840 quoad
899 2760 1036 2845 potero

64 2835 263 2944 perspicue,
284 2841 355 2920 iarn
370 2836 628 3018 f³⁰u¹u⁵>i¹ii

105 3039 393 3136 Resurrellionis
412 2944 497 3120 suti
513 3039 661 3120 caussam
687 3037 724 3116 in
745 3037 913 3140 proxime
934 3061 1038 3141 prae·

63 3143 275 3222 cedentibus
287 3143 457 3221 Semator
470 3142 638 3234 dederat,
663 3165 729 3231 ac,
749 3141 937 3218 curmorti
959 3144 1040 3223 nnn
1137 3171 1145 3178 ·

64 3244 251 3338 obnoxium
275 3243 570 3330 vtAbrabamus,
594 3243 806 3334 aceretem,
832 3240 903 3323 else
919 3237 1047 3344 polliri

65 3343 311 3426 declarauerat
367 3347 424 3422 De
445 3371 514 3446 quo
536 3350 659 3444 itaque
673 3347 732 3424 die
745 3345 781 3420 in
797 3343 966 3442 proxime
988 3339 1039 3418 se-

61 3447 253 3546 quentibus
266 3444 331 3548 ipsi
344 3443 551 3524 sennonem
566 3445 636 3524 esse
652 3445 824 3524 credibile
839 3443 919 3522 eli?
960 3442 1038 3520 Fal·
1143 3437 1146 3444 ‘
1175 3537 1186 3546 .

59 3544 125 3632 lor,¹
150 3571 197 3627 an
210 3545 262 3624 de
277 3545 339 3624 die
347 3547 429 3640 illo,
444 3571 534 3649 qno.
543 3546 704 3650 superata
718 3567 837 3625 morte
851 3541 1038 3646 resurgens

58 3649 105 3726 nil
119 3648 209 3728 huic
229 3651 268 3724 in
290 3643 326 3728 se
343 3647 427 3726 iuris
441 3647 511 3727 else
526 3646 698 3726 omnibus
715 3646 799 3728 esset
813 3645 1038 3726 demonsire-

58 3769 168 3830 tumn
221 3749 360 3832 Miraris
368 3747 593 3926 sententiassn
607 3749 665 3826 vir
681 3747 922 3832 celeberrime!
946 3769 1040 3914 carrael

155 3869 160 3878 “
196 3871 202 3883 “
584 3879 607 3939 4
963 3869 1026 3916 ·vc
1066 3916 1069 3927 ,
