2538 4368
197 352 203 406 ,ψ
258 347 308 422 34
382 313 693 395 meutrnrro
723 293 790 394 o‘e
818 310 1162 430 eremmon

188 511 207 552 ³·
256 525 329 580 nos
350 497 580 578 oraculorum
602 500 812 578 diuinorum
833 497 951 577 sensus
973 503 1159 584 eruendos
1177 508 1259 586 viri

225 659 231 676 ,
259 599 362 682 doeli
378 599 566 694 adserunt,
602 601 751 680 mirifice
767 601 924 678 animum
939 598 1061 680 meum
1082 603 1255 708 poscent,

230 769 233 780 ,
255 729 338 785 non
378 703 455 796 otui
472 701 581 790 sane,
620 705 711 806 quin
732 702 786 780 his
801 703 925 780 vestris
939 705 1261 788 meditationibus

150 800 158 832 ''
257 727 473 906 desederet,
505 804 636 905 quibus
650 805 894 884 memorabilis
908 805 1252 910 maximequaestio

253 905 416 986 inufirata
438 931 557 1008 prope
579 906 786 984 eruditione
807 909 996 990 excutitur.
1067 911 1252 1013 Vterque

256 1032 357 1108 certe
372 1008 549 1102 vestrum,
573 1031 682 1110 quam
696 1005 863 1110 suscepit,
888 1005 1039 1110 spartam
1058 1006 1132 1088 tarn
1148 1011 1261 1089 dex-r

255 1125 315 1188 tre
327 1130 452 1202 ornat,
473 1129 514 1186 vt
526 1132 605 1186 non
621 1133 746 1186 meum
760 1131 920 1200 tantum,
951 1134 1061 1212 quem
1075 1111 1166 1188 leuis
1182 1113 1243 1190 es-
1260 1121 1261 1200 Ῑ

188 1236 191 1243 ’
253 1209 291 1290 se
331 1209 480 1288 onderis
493 1205 637 1304 sentio,
672 1207 741 1288 sed.
755 1209 856 1287 orbis
880 1209 994 1289 totius
1015 1212 1261 1310 eruditieels

254 1237 378 1391 cusum
394 1335 439 1388 ex
454 1311 587 1388 merito
604 1309 853 1415 reportauerit.
921 1314 1085 1414 Vterque
1106 1313 1243 1417 dispari
1260 1317 1261 1340 ¹

252 1415 341 1494 licet
356 1413 497 1506 animo,
521 1413 597 1515 pari
610 1435 732 1490 tamen
748 1411 899 1515 ingenio
915 1435 953 1488 et
965 1413 1138 1491 industria
1153 1439 1241 1496 rem

251 1513 330 1594 fere
351 1513 572 1617 desperatam
595 1513 825 1616 aggreditur,
858 1536 898 1591 vt
915 1537 1085 1592 neutrum
1107 1541 1152 1593 ex
1169 1543 1261 1630 eo-p

192 1659 197 1674 ·
251 1641 334 1694 rum
347 1614 417 1692 else
431 1639 606 1702 numero,
638 1616 701 1718 qui
716 1615 966 1720 praeeuntium
987 1617 1128 1694 turbam
1144 1643 1261 1722 coe-3

250 1741 300 1794 co
316 1715 469 1796 consilio
484 1714 580 1820 sequi
597 1714 733 1810 solent,
758 1716 838 1795 sotis
851 1715 895 1792 ad
925 1740 1027 1794 areat.
1087 1719 1150 1796 Nil
1166 1719 1237 1796 ita·
1260 1733 1261 1816 l

277 1817 325 1896 ue
340 1817 470 1909 nobis,
494 1819 556 1920 qui
573 1841 716 1920 pugnae
732 1817 865 1894 suimus
897 1819 1117 1920 pellatores,
1149 1823 1239 1898 reli-

250 1843 350 1998 gum
364 1917 578 2012 videbatur,
608 1945 715 2022 quarn
735 1943 775 1996 vt
792 1919 937 1996 alteram
955 1917 1238 2017 sententiarum,

251 2045 341 2124 quas
363 2021 422 2100 Cl.
444 2021 752 2113 Hevnnnuvs,
785 2044 894 2124 tuque
907 2019 1136 2115 defendistis,
1167 2024 1236 2100 ad-

251 2146 472 2225 optaremur.
529 2119 644 2216 Quod
658 2123 775 2214 enim,
807 2119 959 2224 quaeso,
978 2123 1079 2224 'post'
1095 2145 1152 2200 tot
1167 2151 1229 2204 tu·

123 2295 128 2306 .
250 2249 307 2304 ras
331 2220 506 2326 superesse
532 2245 696 2324 poterat,
728 2224 766 2298 in
793 2247 869 2323 quo
895 2224 1057 2300 nostrum
1086 2225 1236 2326 aliquis,

250 2325 365 2426 longe
380 2326 486 2400 vobis
499 2323 650 2401 inserior
665 2322 735 2400 sese
758 2330 972 2400 exerceret?
1008 2323 1078 2402 Sed
1095 2350 1232 2420 tamen,

250 2426 310 2503 oir
329 2425 576 2510 celeberrime,
608 2450 746 2502 nouum
769 2451 857 2501 ecee
877 2425 983 2503 vobis
1004 2427 1232 2504 commilito·

249 2551 364 2618 nem,
395 2525 457 2627 qui
478 2526 621 2628 utrique
645 2527 800 2630 palmam
816 2525 971 2604 reddere
987 2527 1128 2605 dubiem
1143 2553 1235 2610 nou
1260 2561 1261 2616 l

214 2665 228 2686 κ
249 2629 430 2706 vereatur!
453 2649 593 2733 nouum
608 2628 862 2734 interpretem,
885 2629 946 2730 qui
963 2629 1094 2719 relidis
1107 2631 1236 2708 omni·

249 2753 312 2806 um
327 2727 461 2806 semitis
481 2749 614 2806 nouam
636 2729 699 2806 fibi
722 2729 815 2806 viam
838 2730 978 2806 munire
997 2731 1121 2834 cupit!
1160 2733 1237 2813 Sua

250 2829 383 2932 'cuique
394 2829 553 2912 vestrum
569 2831 622 2908 est
640 2830 841 2924 sententia,
874 2832 1016 2908 alterius
1041 2829 1235 2936 opposta:

249 2933 339 3011 mihi
355 2957 433 3025 mea
448 2957 619 3036 quoque,
647 2959 670 3010 a
689 2933 815 3010 vestris
829 2931 1077 3018 diuersissrm23
1118 2957 1238 3036 quam
1260 2969 1261 3022 i

148 3087 162 3096 -
250 3031 400 3133 quidem
416 3033 476 3110 hic
491 3059 696 3138 exponere,
718 3060 808 3134 pace
821 3039 917 3119 Tua,
933 3035 1108 3112 conabor.
1134 3037 1240 3118 Non

193 3189 198 3211 .
249 3133 488 3236 satisquidem
500 3133 677 3214 decorum
691 3133 836 3214 videtur
846 3153 1240 3254 *veteranorumproe-

250 3233 307 3312 liis
320 3236 479 3312 tironem
494 3233 565 3313 sese
579 3235 798 3323 immiscere,
825 3234 1019 3314 obscurum
1036 3239 1238 3318 hommem
1260 3267 1261 3272 ¹

250 3334 511 3414 celeberrimos
526 3337 747 3454 impugnare.
806 3341 859 3418 At
872 3363 988 3455 vero,
1012 3362 1052 3416 vt
1066 3363 1261 3452 mearump

248 3433 535 3516 imbecillitatem
547 3441 677 3516 vinum
692 3437 864 3542 agnosco,
879 3442 925 3516 ita
941 3440 1091 3516 minime
1105 3464 1240 3520 omnl-

125 3599 130 3606 .
249 3561 313 3614 urn
335 3537 524 3618 mdiorum
546 3563 698 3618 conatus
715 3543 821 3618 vobis
840 3539 1028 3642 displicere
1048 3539 1238 3641 intelligo.

248 3639 334 3716 Nec
349 3639 446 3714 enim
464 3640 610 3732 issum,
648 3667 756 3746 quem
779 3643 916 3720 rixandi
930 3665 1034 3720 vexat
1049 3645 1242 3744 pruritus,
1260 3659 1261 3700 l

247 3764 320 3838 nec
341 3740 399 3830 is,
424 3743 491 3842 qui
511 3745 671 3822 acutiora
692 3744 795 3824 vobis
815 3743 979 3848 prosette
1001 3743 1128 3849 polle,
1166 3743 1246 3828 sebi

246 3837 466 3949 persuadeat.
531 3845 660 3939 Nosti,
690 3847 755 3924 Vir
770 3843 995 3948 Arrpliffrme,
1020 3847 1244 3950 quam-illo-

1146 3969 1261 4032 K'Uml

1260 4063 1261 4098 l
