2538 4368
235 311 284 390 30
358 353 361 359 .
406 321 411 346 ,
479 279 973 377 com-Mauricio·

188 463 194 468 ”
233 491 334 558 cere,
358 464 445 568 quid
462 465 636 569 cogitare,
661 463 751 568 quid
768 489 888 568 agere,
910 463 1000 567 quid
1015 463 1147 560 moliri,
1174 491 1224 544 o·

188 637 194 650 ,
233 567 426 678 portebit?
469 571 575 653 Hoc,
601 565 665 644 nist
681 567 737 644 vei
754 567 905 669 impius,
933 569 989 644 v'ei
1004 565 1123 644 infans
1139 563 1223 655 sim,

158 695 171 768 ,¹
235 693 276 750 vt
291 673 450 748 maximo
467 693 505 748 et
519 667 852 747 munificentissimo
876 672 1011 762 chr,
1040 670 1144 748 cuius
1164 667 1223 747 se-

232 769 422 854 nectutem
430 769 596 862 viridem,
610 769 758 872 longam
773 792 814 847 et
826 767 1019 873 gloriosam
1033 769 1226 872 supremus

234 898 356 955 rerum
371 875 606 951 humanarum
620 872 754 948 arbiter
770 871 840 950 esse
855 871 994 962 iubeat,
1015 871 1140 967 ‚fidem
1158 871 1226 950 da-

231 999 311 1054 tam
327 973 444 1054 scurie
457 995 496 1050 et
511 973 683 1052 inviolate
695 973 888 1076 praestem,
908 995 947 1050 vt
960 971 1224 1076 sapientissimis

232 1101 359 1157 rerum
384 1077 460 1152 eius
485 1093 523 1151 et
545 1075 770 1176 populorum
792 1075 832 1153 in
846 1076 1042 1154 Germania
1063 1073 1219 1154 admini-

189 1261 193 1268 ,
233 1179 337 1268 stris,
373 1175 464 1253 etin
486 1175 541 1253 his
563 1178 842 1256 Mrroauarr
872 1181 1070 1255 Nosrao
1096 1177 1220 1279 proui-

233 1275 443 1358 dentiffimo
457 1273 765 1371 etsrberaliffimo,
782 1300 994 1382 promtum,
1020 1276 1217 1381 obsequio·

120 1393 124 1400 '
170 1399 184 1420 ‘
208 1463 210 1471 ,
235 1381 312 1499 sum
326 1401 365 1458 et
378 1401 518 1498 gratum
532 1404 593 1454 mc
608 1379 813 1496 praebeam,
837 1379 993 1496 acquod
1008 1380 1096 1457 mihi
1113 1379 1225 1496 res-iat

128 1613 168 1678 .=
235 1479 1223 1681 {sisarrsssssffiffisrmff‘&missurum

235 1689 335 1766 viros
346 1682 522 1786 inclytos,
549 1681 661 1762 fircra
675 1705 713 1761 et
728 1706 943 1762 ornamenta
959 1685 1093 1776 nostra,
1112 1684 1220 1761 meri-

89 1831 99 1854 =
221 1809 279 1866 ro
292 1787 439 1864 honore
452 1783 603 1863 afficiam
620 1785 716 1864 etad
732 1783 1220 1869 tolerandaminfirmitatem

71 1973 73 1987 ,
220 1912 358 1972 ,meam
398 1888 506 1966 uouis
519 1883 728 1966 officiorum
745 1911 880 1990 genere
894 1886 1079 1978 inducam,
1104 1887 1220 1965 vtdc-

235 1989 351 2094 nique
364 1912 632 2082 iiiustriffimac,
658 1985 962 2068 Generosrffirnae
982 2014 1020 2073 er
1035 1987 1218 2067 Nobilissi-

237 2117 320 2170 rnae
332 2089 534 2176 iuuentuti,
558 2089 710 2194 quae-ad
723 2091 823 2168 huuc
835 2089 1036 2170 liberalium
1054 2115 1092 2168 et
1105 2091 1219 2168 bonae

237 2217 319 2272 rum
332 2191 460 2270 arrium
475 2213 673 2270 mercatum
691 2191 868 2270 confluxit
889 2213 928 2269 et
939 2193 1067 2270 maiori
1090 2191 1222 2270 indies

238 2316 397 2371 numero
413 2291 588 2384 confluit,
613 2291 665 2369 illi
678 2293 852 2388 maxime,
881 2293 1027 2398 quaein
1042 2291 1142 2397 spem
1157 2317 1218 2370 ec·

239 2391 365 2472 clesue
385 2391 577 2485 adolescit,
602 2392 881 2486 sansiimoniae,
908 2395 1115 2496 probitatis,
1146 2394 1215 2470 hu·
1267 2457 1268 2462 i

238 2493 442 2582 manicatis,
465 2494 665 2573 modestiae
681 2489 802 2574 iucem
816 2495 1024 2602 praeferam.
1089 2497 1220 2592 Spero,

237 2597 418 2687 futurum,
452 2596 515 2673 vti
544 2593 601 2689 sc,
634 2623 744 2701 aquo
758 2597 878 2676 omnis
895 2597 992 2678 bene
1006 2595 1137 2703 agendi
1155 2622 1222 2675 vo-

236 2701 358 2780 luntas
371 2621 611 2802 proficisiitur
634 2721 674 2778 et
693 2699 888 2795 successus,
923 2701 1027 2778 Deus
1043 2700 1223 2804 Optimus

169 2871 174 2880 .
236 2800 439 2893 Maximus,
466 2799 574 2880 resiis
587 2805 680 2880 meis
692 2801 867 2920 consiliis,
918 2801 1072 2920 ropitius
1089 2801 1222 2880 saueat:
1266 2825 1267 2836 ¹

65 2961 75 2968 ’
153 2970 156 2980 '
238 2895 1228 3106 &assisissafrrffisrrmzirrrssusz

58 3125 71 3168 ⁸
242 3109 425 3184 bonarum
437 3129 558 3184 rerum
571 3111 740 3186 omnium
752 3103 948 3203 officinam,
960 3031 1057 3186 viiro
1071 3104 1147 3210 ipse
1157 3103 1227 3182 do-

241 3207 394 3285 stituarn.
464 3208 509 3285 In
532 3209 649 3286 Acad.
668 3209 835 3314 Georgia
857 3209 1020 3318 Augusta
1046 3207 1121 3290 Kal.
1140 3211 1223 3290 No·

241 3308 381 3392 uernbr.
395 3310 442 3392 Α.
455 3309 504 3388 O.
517 3309 561 3392 R
575 3313 889 3394 MDCCXLVH.
1264 3373 1265 3390 i
