2482 4340
659 29 662 42 ι
706 30 734 74 ,Ἰ
863 16 891 53 ’1
1043 30 1055 61 1

895 78 902 92 a

36 395 41 408 .
155 300 287 380 x550
546 263 856 358 ourlrvto

21 439 66 526 “.
117 436 149 446 ”
191 429 352 540 {initum
372 453 532 540 muneris
561 455 723 550 suumn,
762 457 802 536 in
830 449 1033 536 elusone
1052 453 1179 546 fatuo,

69 647 74 658 ,
187 563 434 662 incolumes,
459 559 633 642 florentes
647 558 818 638 venerari.
870 559 980 636 Nulla
994 559 1039 636 lis
1063 555 1168 634 adue

73 735 79 749 .
208 663 243 744 sa
264 664 447 744 sommam
470 663 626 741 nostram
651 657 784 738 afflixit.
840 659 943 746 Nulli
960 679 1092 738 motus
1108 657 1164 734 ciu‘

210 767 264 846 les
281 789 321 844 et
339 763 498 842 intestini
527 761 802 866 rempublicam
818 761 979 840 nostium
1001 761 1166 837 turbant

211 889 252 948 et
270 864 537 946 coneufferunt.
595 867 722 941 Nemo
744 861 876 941 ciuium
895 861 1118 940 nostrorum
1132 859 1170 936 ni

212 969 322 1048 minis
342 987 403 1045 aut
420 964 542 1044 delui
563 963 747 1042 cuiusdam
771 962 965 1042 tenuatus:
990 962 1116 1040 immo
1141 965 1174 1034 ri

211 1073 252 1152 in
267 1069 321 1146 ius
336 1067 461 1170 aliquis
476 1091 603 1144 eorum
619 1089 768 1144 vocatus
785 1066 849 1142 est.
900 1068 1098 1164 Numerus
1119 1061 1178 1139 solt

214 1194 256 1250 to
274 1171 389 1250 maior
403 1167 546 1247 additus
567 1169 620 1244 est
634 1167 769 1246 ciuitati
783 1165 926 1242 nostrae
947 1165 1133 1242 membris
1148 1166 1189 1259 iu,

213 1294 349 1350 uenum
365 1291 591 1348 moratorum
607 1291 646 1346 et
660 1269 923 1370 ingenuorum,
960 1291 1126 1368 quorum
1140 1264 1185 1340 nl
1216 1324 1218 1389 l

109 1451 112 1460 ,
214 1373 289 1452 huc
306 1371 427 1452 nullus
442 1367 638 1448 vitiosrtetis
653 1367 717 1455 fibi
739 1390 865 1446 notum
890 1367 1046 1468 aliquam
1070 1364 1191 1445 inuffiu

100 1472 102 1480 '
214 1474 334 1576 Siqua
348 1472 458 1572 igitur
472 1471 574 1548 inter
595 1470 832 1550 Gennenicas
850 1469 996 1568 illustris
1017 1467 1075 1547 est
1098 1467 1190 1546 scho-

214 1573 264 1660 lo,
289 1597 383 1676 quae
399 1570 537 1650 ciuibus
550 1569 712 1648 honestis
725 1571 834 1650 bonis
851 1591 889 1650 et
913 1569 1137 1648 flexibilibus
1149 1567 1189 1645 ni

216 1673 290 1755 sese
312 1674 502 1776 gloriatur,
533 1672 625 1752 htec
644 1693 744 1750 certe
764 1669 884 1750 nostru
902 1695 1004 1750 nunc
1037 1687 1128 1750 eam
1140 1667 1185 1747 uu

209 1775 355 1856 laudem
369 1773 535 1877 inprimis
559 1773 743 1874 uindicate
755 1773 887 1876 potest.
945 1773 1055 1878 Qid
1082 1773 1182 1851 dieu

217 1877 266 1958 de
287 1899 345 1956 tot
363 1877 446 1954 viris
474 1875 623 1954 eruditis
653 1897 691 1952 et
713 1875 886 1978 egregiis,
923 1875 988 1978 qui
1009 1873 1183 1989 supremos

88 1995 94 2006 ·
217 1978 477 2082 Theologiae,
501 1978 590 2056 luris
609 1999 646 2053 et
660 1981 743 2054 artis
761 1975 929 2054 Medicae
948 1976 1117 2056 honoros
1132 1995 1187 2052 nr·

218 2101 297 2159 tute
316 2077 375 2158 sua
389 2077 694 2180 etspeeiminibus
709 2077 847 2165 eximiis
860 2075 922 2156 stbi
942 2077 1041 2184 apud
1053 2099 1123 2155 nos
1132 2099 1192 2178 pe

218 2185 423 2286 peretum?
465 2177 569 2280 Qid
589 2179 724 2281 telique
747 2203 948 2257 memorem
972 2179 1077 2258 nobis
1090 2197 1191 2276 grute

218 2303 258 2358 et
274 2277 449 2366 iucunda„
500 2303 566 2357 ute
581 2279 722 2359 veliam
737 2281 902 2360 concessa
915 2276 1106 2360 nobisunt
1122 2272 1185 2348 uel
1218 2289 1219 2334 l

130 2410 132 2427 ⁴
217 2402 299 2460 non
314 2403 455 2460 temere
469 2306 670 2480 aretinum!
700 2385 739 2460 O
763 2405 885 2485 pater,
905 2407 931 2458 o
947 2375 1188 2488 supremebu-
1218 2419 1219 2450 :

112 2535 133 2578 ·,
219 2507 354 2561 nomm
373 2484 540 2562 omnium
555 2481 700 2574 tollor,
726 2481 792 2568 dr,
816 2481 1051 2584 quaesumus,
1074 2501 1192 2558 vume-

220 2583 514 2673 liorissortunne‚
540 2609 650 2686 quum
674 2585 934 2686 concepimus,
968 2585 1051 2690 spes
1070 2579 1187 2660 nauli

219 2709 257 2764 et
353 2687 457 2764 ennis
476 2683 537 2764 sit!
572 2689 662 2772 Fac,
687 2683 866 2788 supplices
884 2687 955 2788 *Tr
978 2697 1179 2776 ommuni!

203 2787 276 2866 'lau
312 2787 360 2873 's‚
385 2811 478 2890 quae
493 2789 602 2864 Tvnr
631 2807 780 2888 accepte
802 2785 952 2866 ferimus
968 2786 1186 2866 clemmtitn

221 2887 333 2966 initiis
345 2885 757 2992 progrellussuccedtnt
767 2887 951 2970 laetiores!
976 2885 1114 2980 Effice,
1138 2883 1192 2962 olt

221 2989 414 3083 ferremus,
453 3010 494 3067 vt
511 2985 607 3066 saluo
625 3011 663 3068 et
686 2989 863 3066 incolumi
883 2995 1198 3070 Avevsrrssmoet

222 3095 503 3168 Poururrssruo·
528 3091 628 3170 Reor
649 3091 826 3170 Grornro
848 3091 894 3168 ll.
923 3092 1100 3168 Rectum
1126 3091 1199 3166 Mr-

219 3215 551 3274 ourrternnssmot
595 3188 692 3270 saluo
723 3213 762 3270 er
787 3189 987 3278 incolumi,
1027 3193 1200 3270 cinero,

220 3290 327 3372 Hero
343 3290 471 3368 nostro
485 3291 788 3380 clemenrillnnot·
807 3291 898 3372 salut
913 3313 953 3370 et
966 3292 1128 3370 florente
1140 3285 1200 3366 cel·

219 3389 340 3486 fiffima
366 3390 495 3468 inutilia
517 3391 795 3487 Bruuouicenfi,
822 3395 912 3486 litec
931 3395 1054 3472 bonae
1075 3387 1199 3472 menti

220 3514 260 3570 et
272 3491 467 3596 supientiae
481 3492 584 3574 sedes
597 3517 657 3574 tot
669 3519 889 3597 magnorum
906 3495 1071 3572 virorum
1089 3493 1196 3594 mugi·

218 3593 285 3670 stra
300 3617 338 3670 et
351 3595 490 3680 nutrix,
534 3597 579 3674 rd
602 3597 795 3700 pristinum
819 3595 933 3674 decus
962 3594 1064 3674 suum
1082 3593 1195 3673 redes

220 3715 258 3770 et
275 3701 382 3772 nouis
409 3693 527 3774 indies
542 3693 745 3800 splendoris
771 3717 811 3778 et
833 3698 971 3806 gloriae
996 3691 1190 3780 acceffion'*

222 3794 291 3872 bus
319 3795 588 3900 locupletetur!
1015 3813 1019 3823 '
1071 3797 1185 3878 Secu

877 4051 891 4088 ἱ
981 4049 989 4058 .
