2458 4340
653 23 658 36 .
738 49 741 64 Ι
890 3 930 63 J*
944 3 1037 46 Ῑ-·

129 285 201 370 sn
333 205 413 354 nn
447 218 869 364 nntsnmnnons
982 222 1020 302 '·

126 453 283 536 dubitari
296 453 415 558 posse,
438 451 527 558 quin
542 457 579 534 in
594 454 684 536 fanis
698 479 737 536 et
759 455 920 543 delubris
933 451 1120 536 Deorum

126 559 251 668 imago
270 561 349 635 eius
361 559 513 662 appensa
530 559 656 653 suerit,
682 555 843 638 efficitur.
874 633 880 640 ,
905 557 977 636 Sed
1006 587 1120 656 tere,

125 685 175 740 an
188 670 236 736 'ex
258 683 306 736 eo
321 661 452 738 diuinis
471 687 548 737 eam
564 662 745 740 bonoribus
758 663 971 740 celebratam
986 658 1120 750 suine,

125 781 269 840 certum
285 757 345 845 stt,
370 758 550 838 difficilior
565 759 729 862 quaestio
745 763 808 839 est.
860 765 944 866 Ego
951 764 1116 865 quidem

125 861 205 946 hoc
225 883 364 940 tantum
387 861 475 967 inde
496 863 662 941 constare
695 864 875 956 arbitror,
904 866 1120 964 quosdam,

127 967 193 1072 qui
212 963 389 1044 beneficia
403 967 437 1041 ei
451 963 656 1050 debebant,
677 987 817 1042 nomen
831 967 909 1042 eius
923 964 1120 1069 exstingui

127 1063 290 1146 noluisse.
340 1067 427 1142 Nec
442 1065 540 1143 enim
560 1069 862 1158 Patron-mvn,
875 1089 949 1143 nec
965 1069 1119 1147 Hanno

128 1191 241 1262 ctera,
263 1187 334 1243 nec
348 1165 455 1244 alium
477 1188 698 1270 quemquam
715 1189 763 1244 ex
781 1168 859 1245 eius
879 1166 1117 1250 admiratori-

127 1269 198 1355 bus
224 1269 406 1346 honorem
429 1267 555 1357 hunc,
578 1267 725 1372 imagini
752 1267 829 1350 eius
854 1268 1053 1372 habitum,
1080 1295 1116 1348 tt

127 1369 298 1449 diuinum
314 1369 571 1473 interpretatos
587 1369 657 1448 ell'e
672 1369 792 1448 video.
863 1371 971 1471 Qtos
989 1371 1019 1450 st
1040 1375 1116 1452 iure

127 1469 291 1576 quodam
304 1469 384 1548 fieri
406 1469 594 1574 persistet,
617 1472 642 1547 ii
656 1469 825 1574 profesio
839 1471 1037 1574 principes
1066 1475 1116 1556 fe-

127 1572 279 1659 cilsent,
314 1571 447 1674 quibus
473 1572 561 1652 nihil
596 1594 671 1650 erat
703 1571 901 1675 antiquius,
932 1597 1053 1676 quam
1081 1603 1116 1654 vt

128 1671 335 1754 mortalium
358 1699 509 1752 numero
534 1674 724 1752 hominem
757 1675 970 1754 comerent
1057 1685 1117 1754 At

128 1778 285 1854 curatius
307 1769 357 1852 illi
381 1799 505 1854 mores
520 1799 559 1853 et
579 1775 733 1854 instituta
750 1775 977 1880 populorum
993 1801 1108 1858 noue-

127 1900 203 1966 rat,
231 1877 386 1956 curatius
405 1877 479 1954 aliis
493 1875 673 1955 sacrorum
696 1877 784 1956 ritus
803 1876 892 1980 pers
934 1877 1023 1958 clos
1041 1877 1108 1956 effe

128 2004 209 2060 non
225 1979 459 2082 ignorabant,
478 2003 587 2078 quam
610 2001 650 2056 vt
669 1978 850 2058 eiusmodi
868 2003 887 2055 a
904 1979 912 1996 '
941 1981 1012 2058 uid
1031 2005 1110 2060 ten·

128 2070 207 2162 t'are
221 2079 405 2160 auderent
467 2079 598 2158 Varius
612 2079 747 2160 scilicet
760 2080 984 2184 templorum
1016 2083 1120 2162 inter

129 2203 262 2285 gentes
277 2203 423 2262 otnants
439 2204 523 2260 erat.
541 2185 557 2238 ⁸
614 2185 700 2260 Nec
724 2183 847 2260 omnia
856 2236 869 2275 ,
891 2204 981 2283 quae
995 2181 1041 2258 in
1058 2185 1113 2260 eis

131 2279 467 2385 conspiciebantur,
491 2285 665 2376 Deorum
699 2281 901 2384 referebant
928 2277 1115 2380 oysteno

128 2407 191 2464 aut
204 2382 268 2462 reli
297 2387 419 2464 'onem
442 2381 654 2487 lingularem
668 2383 904 2489 postulabant.
978 2381 1113 2489 Qid-

128 2483 255 2590 quids
283 2511 304 2563 e
319 2487 363 2564 ab
380 2485 554 2589 elegantia
570 2509 609 2564 et
627 2485 782 2566 artificio
803 2479 1111 2568 commendabat,

154 2587 396 2692 ualecutnque
418 2587 566 2666 demum
590 2587 697 2676 esset,
728 2588 767 2666 in
790 2613 831 2666 ee
853 2583 1108 2688 recipiebatur.

127 2611 326 2770 interiores
341 2689 440 2768 aedis
457 2689 664 2782 Minentae,
688 2715 782 2792 quae
799 2685 977 2792 Syraculis
1011 2711 1108 2772 erat,

129 2791 286 2894 parietes
316 2791 431 2870 vestiti
464 2813 567 2870 erant
594 2791 745 2885 tabulis,
769 2790 963 2895 inquibus
983 2811 1111 2892 pugn-a

129 2892 305 2997 equestris
329 2891 543 2994 Agathoclis
565 2893 713 2996 egregie
730 2891 825 2997 pitia
849 2889 1083 2970 cemebeoar.
1097 2901 1118 2996 ’p

129 2993 344 3111 Gracchus,
374 2991 453 3074 fuso
484 2985 682 3112 llannonis
712 2997 896 3114 excercitu
934 2991 1109 3110 oeleltrati

127 3093 1110 3302 asttentattlttttttllttnun

130 3299 181 3376 illi
203 3297 362 3402 piciorae
384 3323 403 3374 a
433 3223 612 3402 refigione
633 3320 695 3377 aut
715 3297 818 3377 sacris
839 3299 1007 3403 pretium
1031 3319 1108 3378 erat.

130 3399 266 3481 Eadem
279 3399 479 3506 imaginum
492 3395 1102 3516 itttempliscollocatatumeretra

815 3515 817 3522 ,
1052 3521 1099 3582 ω.

171 3682 186 3731 ⁸
211 3686 280 3750 vid.
294 3691 317 3750 1.
334 3691 526 3834 ww„
542 3687 726 3773 &Capitolia
746 3651 897 3772 paoni.

169 3769 351 3931 ’grpg‘rno
375 3775 408 3834 1.
497 3775 655 3836 52me
670 3789 695 3836 t.
710 3775 772 3842 tv.
792 3789 820 3856 p.
835 3785 904 3855 135.
922 3767 998 3850 136.
1023 3765 1105 3834 ‘nu

177 3929 205 3964 ¹·
225 3929 353 3992 ltvtvs
377 3929 482 4013 Hrssar.
501 3937 534 4000 L.
551 3891 706 4000 xxm-e.
718 3933 798 4002 xvt.
813 3957 844 4018 p.
859 3918 899 3999 m.
914 3932 998 4024 5²⁶³
