2580 4360
325 389 328 394 .
396 329 791 458 Pnnuunrru·
893 285 905 300 'f
949 283 1073 420 xjur'r
1286 387 1287 400 ,

94 519 330 622 caussarum,
362 543 466 633 quas
479 505 647 619 locant,
677 503 944 614 secundarum
958 545 999 608 et
1013 507 1071 610 inss
1207 541 1211 554 “

94 633 341 720 termediarii
363 626 561 717 concursu
583 651 624 714 et
641 655 720 742 ope
744 629 903 723 efficere
918 629 1070 750 aliquid
1219 631 1222 641 '

91 747 256 859 potest3
297 767 391 826 tum
416 764 454 825 et
472 741 580 826 illud
608 767 778 853 quoque
808 740 1068 833 clarillrmum

93 860 173 962 cst,
205 879 369 940 numen
394 856 476 938 eius
499 879 584 938 non
607 850 679 937 nisr
696 851 938 965 grauillimis
954 861 1088 944 ratio·v
1153 857 1162 905 ⁵

93 971 224 1053 nibus
244 961 463 1050 udduClum
483 963 684 1048 miraculis
700 965 905 1076 patrandis
926 993 1069 1056 rerum
1097 1007 1108 1076 j

93 1079 318 1172 fluentium
329 1072 488 1160 cursum
499 1075 672 1160 turbare.
708 1075 942 1170 Exillurunr
956 1084 1067 1166 enim

92 1188 316 1275 constantia
336 1211 375 1272 et
402 1187 506 1272 statis
527 1181 864 1300 vicissitudinibus
890 1187 1069 1302 pulchri·

97 1297 251 1385 tudinis
266 1302 326 1383 vis
347 1297 412 1384 illa
432 1302 578 1396 emicat
591 1341 609 1404 ‚·
641 1321 751 1412 quac
768 1303 873 1412 rapit
894 1301 1066 1388 extruso
1164 1379 1168 1384 .
1210 1319 1213 1333 ’

95 1413 256 1498 animos
288 1400 529 1523 sapientum.
613 1411 733 1512 Tum
764 1411 935 1498 demum
964 1409 1081 1527 ergo'

86 1525 226 1609 Dovu
240 1519 289 1607 0.
298 1521 361 1606 M.
377 1525 508 1608 maius
526 1545 691 1607 naturae
705 1521 860 1608 viribus
877 1551 982 1638 opus
999 1555 1065 1640 pa<
1215 1527 1223 1542 '

87 1659 294 1720 traturum
313 1633 409 1738 eise,
445 1631 697 1720 credendum
719 1635 793 1740 est,
830 1636 997 1750 quando
1014 1638 1066 1724 ad
1093 1683 1096 1688 ·

92 1765 294 1860 magnum
316 1743 541 1858 quemdam
560 1741 623 1831 sco
654 1773 728 1830 um
749 1773 836 1834 non
860 1747 933 1842 nifi
953 1773 1063 1835 noua
1224 1775 1227 1786 ·

94 1857 154 1942 viu
172 1860 377 1970 perueniri
393 1856 605 1970 polle,'per
619 1857 742 1972 pexit.
796 1879 797 1883 ‘
1117 1924 1120 1935 ,
1156 1884 1162 1964 j

147 1969 244 2054 ldfi
264 1971 512 2082 cogitemus,
548 1972 590 2052 in
604 1993 772 2081 promtu
789 1967 863 2072 est,
898 1967 998 2079 quid
1016 1973 1063 2056 iis
1093 1995 1100 2060 ῑ
1241 2019 1249 2034 .

85 2077 429 2195 respondeamus,
458 2082 530 2195 qui
548 2083 721 2167 rationes
740 2107 792 2165 ex
809 2079 928 2168 nobis
943 2109 1062 2193 quae·
1090 2117 1093 2120 ·
1187 2079 1190 2088 ’
1286 2115 1287 2124 ¹

84 2217 208 2297 rent,
250 2217 378 2304 quare
403 2213 485 2278 tam
504 2219 623 2304 parca
639 2189 762 2278 fuerit
784 2195 826 2278 in
843 2187 1062 2280 efficiendis
1194 2192 1213 2280 f
1239 2227 1242 2238 ¹

83 2303 294 2390 miraculis
314 2325 409 2387 ante
435 2304 569 2386 Mosrs
594 2327 635 2390 et
661 2303 845 2390 Crrulurr
873 2329 1060 2418 tempora
1130 2317 1132 2322 ‘

82 2416 217 2515 Dnvs,
236 2439 376 2498 contra
390 2439 487 2498 vero
504 2443 549 2500 ea
564 2439 648 2501 tam
663 2413 849 2521 liberalis,
878 2413 1060 2503 ‘cumhos

74 2523 238 2608 umbos
267 2524 576 2638 Prophetarum⁸
595 2529 798 2640 principos
833 2527 884 2613 ad
913 2551 1059 2616 morta-

93 2635 200 2720 lium
217 2661 343 2746 genus
363 2635 577 2834 ablegarelt³
589 2641 821 2752 antiquitus,
890 2637 1061 2745 Scilicet,

94 2797 98 2804 .
607 2776 654 2860 4»
812 2804 816 2814 ,
864 2807 869 2812 ,
998 2755 1062 2856 (vt
1138 2771 1140 2776 '
1184 2815 1199 2846 Ὶ

187 2874 299 2952 nihilo
319 2881 430 2952 omnia
444 2873 539 2962 fecit,
571 2901 604 2949 et
618 2901 705 2951 voce
719 2879 849 2980 prolatu
864 2877 980 2962 Lazari
993 2879 1071 2952 ani-¹
1161 2924 1172 2972 ι,
1286 2915 1287 2924 ¹

185 3001 277 3050 mam
292 3005 365 3052 curu
380 3004 526 3078 corpore
537 2975 596 3050 suo
610 2980 733 3052 iterum
748 2979 927 3080 copulruit,
951 2979 1061 3075 quiis,

185 3084 335 3177 inquam,
353 3083 454 3154 caecis
469 3075 577 3152 visum
592 3079 740 3162 reddere,
756 3105 873 3176 aquarn
889 3082 925 3150 in
939 3081 1061 3150 vinum

125 3249 131 3256 .
181 3181 375 3282 generolius
390 3205 533 3262 mutare,
558 3203 592 3253 et
605 3204 697 3286 mare
709 3179 851 3280 pedibus
864 3174 986 3252 calcure
999 3204 1059 3278 po-

184 3285 297 3354 tuerit.
350 3284 420 3380 Qri
433 3306 542 3354 autem
557 3305 687 3378 natura,
712 3281 753 3355 ab
767 3283 865 3354 omni
876 3284 1061 3353 concretio-

180 3409 226 3458 ne
242 3382 365 3464 libera,
396 3407 519 3482 corpus
534 3405 683 3476 ungere,
714 3379 936 3462 ambulansin
954 3379 1059 3454 fluido

176 3480 376 3565 sustentare,
406 3484 542 3562 rutulio,
553 3483 637 3555 illud
650 3506 853 3582 quocunque
868 3482 973 3555 modo
986 3507 1058 3553 mu·
1080 3483 1083 3492 “
1178 3574 1180 3580 Α

180 3607 254 3656 mre
270 3607 386 3680 queat,
418 3583 453 3676 iu
467 3583 568 3656 hebes
583 3607 646 3679 ego
661 3581 798 3681 prorsus
810 3609 880 3656 nun
895 3581 1058 3676 intelligo.
1150 3584 1153 3590 '

177 3690 362 3767 Praeterea,
379 3707 418 3756 vt
430 3685 565 3756 tondem
580 3685 621 3756 ad
636 3687 780 3783 primam
794 3679 1059 3760 euulsam'rerum

179 3786 338 3856 omniurn
354 3785 583 3867 deueniamus,
610 3781 735 3860 necelle
748 3783 803 3858 est.
857 3791 963 3858 Breue
976 3807 1060 3877 ergo

178 3887 248 3960 itcr
261 3885 425 3984 longiori,
451 3911 484 3960 et
497 3886 712 3984 adueiluatum
725 3887 932 3988 principium
945 3886 1058 3958 minus
1119 3939 1122 3948 .
1169 3955 1173 3964 ,

177 3979 358 4096 perspicuo
373 4011 437 4086 ego
450 3977 665 4092 praeferrem.
796 4059 799 4066 ,
