2506 4362
123 468 125 476 ,
233 361 795 488 [44444444444444444.
880 351 1084 487 447ΙΙ
1191 370 1195 379 ’

24 599 25 666 3
61 567 186 644 Ptaro
199 567 349 668 opisaiem
367 561 1041 670 Deumtensuitfiastinereotnnemaspe-'

24 675 25 767 ᾗ
62 669 275 746 {labilem-et
298 659 566 766 inespedalilrm
589 664 784 752 ntundrim,
816 669 914 746 milla
931 665 1036 768 prius
1076 711 1077 716 ¹

24 801 25 812 4
59 767 382 864 existememaaeria
391 767 604 866 predonum.
650 764 827 860 Sufficete
849 767 949 846 enim
969 795 1035 850 vo-

24 905 25 950 r
60 868 241 946 lontatem
255 867 346 954 Dei,
370 886 481 960 4444,
506 865 697 971 quaesunt
711 869 853 962 omnia,
875 869 1034 950 existunt.
1079 907 1082 920 ·

59 969 198 1046 Verbis
211 991 286 1046 44444
301 965 455 1056 disertis,
481 991 519 1046 et
533 966 729 1075 perspicuis
743 970 824 1074 quis
838 969 910 1049 sese
930 998 1036 1052 corn-

61 1069 206 1146 moveri
220 1069 320 1174 haud¹
338 1073 516 1174 patiatur?
550 1073 631 1173 Ego
650 1095 741 1150 vero
762 1069 934 1152 diuturno
955 1074 1036 1168 vsu,
1158 1145 1162 1156 ,

62 1189 104 1247 et
115 1169 289 1250 librorum
309 1195 328 1248 a
347 1171 544 1250 Platonicis
565 1171 854 1289 conscrlptomm
874 1175 1037 1254 14414444
1122 1195 1124 1200 ·

24 1352 26 1378 3
61 1271 217 1350 44144444
232 1271 326 1364 suut,
350 1273 482 1352 nullius
496 1269 609 1351 144444
623 1295 828 1374 orationem
844 1281 959 1354 aerius
973 1303 1035 1356 ex·

60 1373 296 1478 pendendam
310 1371 540 1478 else,'‘quatn
560 1375 824 1454 Alexandrinae
840 1378 971 1482 huius,
998 1400 1037 1456 et

63 1473 447 1580 4444444444144444
464 1475 644 1580 praeclare
663 1476 759 1580 apud
773 1474 856 1554 illos
876 1504 914 1557 44
934 1501 1037 1580 egre·
1083 1559 1084 1566 Ν

25 1641 26 1660 a
64 1578 119 1678 'gie'
134 1575 229 1654 414414
248 1577 439 1678 videntur,
476 1576 629 1654 sormam
649 1603 799 1656 omnem
818 1585 858 1656 'et
878 1580 1037 1686 pulchri-

24 1698 25 1702 ‘
63 1677 230 1758 tudinem
242 1679 425 1772 amittere,
448 1675 471 1756 14
488 1677 652 1756 cumillis
668 1701 927 1782 comparentur
943 1681 1041 1758 scitis
1061 1739 1064 1746 .
1126 1748 1130 1756 .

24 1771 26 1842 ἶ
65 1783 197 1884 quibus
208 1778 646 1897 rotaratiopliilosophiae
654 1803 782 1858 eorum
797 1785 934 1860 nititur.
957 1783 1038 1858 Do-

66 1903 278 1959 cumentum
295 1905 425 1986 capere
439 1881 564 1958 licebit
578 1906 622 1958 er
636 1881 704 1958 illis
717 1907 810 1984 quae
824 1883 895 1959 44444
909 1879 1038 1960 dissuti

24 1979 25 1992 '
66 1983 205 2062 sumus:
236 2007 332 2084 quae
351 1981 501 2084 quidem
527 1979 740 2084 sententiam
767 1983 1043 2059 Platonicorum
1094 1985 1102 2003 ‘

67 2081 270 2168 demundo
285 2107 324 2162 et
341 2085 487 2160 materia
502 2109 520 2160 a
534 2081 651 2160 verbis
668 2083 819 2162 multum
826 2083 1038 2189 discrepare,

24 2253 25 2260 a
64 2185 280 2274 docebunt,
305 2185 438 2289 quibus
459 2203 537 2264 earn
555 2184 744 2290 explicant.
1001 2219 1003 2228 ‘

24 2395 27 2438 ²
422 2383 425 2394 ’
475 2389 646 2468 .XXXl.
736 2417 739 2424 ¹

123 2489 221 2564 Ante
239 2489 383 2574 omnia,
412 2399 475 2590 qusi
491 2488 614 2590 cupidi
628 2485 850 2566 14444441144
863 2487 966 2568 huius
975 2513 1040 2565 co-

81 2585 318 2690 444144444144,
355 2588 640 2666 animaduertere
669 2587 803 2680 414444,
843 2589 1040 2682 vniuersam

75 2684 338 2767 Platonicorum
352 2687 501 2780 sesiam,
527 2687 967 2789 mundumdnxilseeeque
983 2715 1041 2763 ae·

24 2809 27 2872 4
74 2805 217 2868 tentum
233 2789 319 2883 elle,
343 2813 451 2892 atque
465 2785 577 2892 ipsum
593 2791 733 2878 Deum,
757 2789 1042 2890 atquehuicnon
1097 2799 1100 2806 ’

24 2875 27 3012 l
72 2886 170 2968 secus
184 2915 226 2970 ac
239 2893 400 2970 umbram
417 2889 567 2994 corpori
580 2915 625 2968 ex
638 2887 783 2966 infinito
796 2887 1043 2993 4444444444-

24 3015 26 3073 l
76 2987 231 3070 nauum
247 2991 356 3071 fuisse.
406 2991 554 3071 Tritum
578 2991 632 3068 est
653 2991 729 3066 1444
749 2989 902 3091 dogma,
937 3011 977 3067 ct
995 2987 1045 3065 14·

24 3091 26 3200 ξ
80 3091 310 3172 ero-sensium
325 3089 750 3174 insclrolialruinsseslae:
776 3091 1043 3192 necquisquam

24 3207 27 3234 *
82 3210 199 3272 444444
221 3193 410 3296 repudiare
431 3193 521 3273 411441
541 3194 684 3298 potest,
714 3192 777 3272 nisr
803 3215 919 3270 totam
945 3191 1043 3268 srmul

24 3235 27 3386 1
83 3293 228 3374 abiicere
240 3295 506 3400 philosophiam
522 3317 560 3372 et
574 3295 618 3371 441
633 3296 733 3372 aliam
748 3293 970 3394 transfugere
992 3291 1044 3369 se·

81 3391 279 3476 4144444144.
334 3397 480 3476 Scilicet
495 3395 1045 3474 aeremitasmundiramneces·

78 3491 160 3574 strio
187 3497 421 3602 consequitur
444 3523 488 3576 ex
502 3496 753 3600 metaphyscis
768 3497 1046 3600 illorumprae·
1109 3499 1116 3506 '

77 3598 208 3700 teptis,
233 3623 342 3704 quam
359 3623 404 3678 etr
419 3599 483 3680 illo
499 3599 653 3678 decreto
666 3597 838 3676 rationis:
857 3598 966 3698 paria
982 3619 1045 3696 pa-

24 3724 25 3729 *
75 3701 169 3776 ribus
183 3701 308 3782 addita
333 3727 515 3788 numerum
535 3699 686 3804 efficiunt
701 3719 845 3801 parem,
876 3699 951 3778 1444
973 3723 1046 3774 ma-

24 3796 27 3860 l
76 3821 135 3878 uat
153 3801 431 3882 conseclatium:
457 3799 1048 3914 14444444444444441414444444444

24 3868 27 3959 1
75 3903 225 4000 smum·
263 3905 459 4011 ,καθαπςφ
489 3899 585 4008 ipsos
601 3900 699 3980 audis
720 3899 931 3980 Platonicos
950 3893 1046 3998 apud

24 4014 29 4207 p
142 4054 170 4102 ¹,
234 4052 244 4094 ,
530 4052 533 4060 ,
557 4003 641 4108 Q
900 4001 1046 4072 Zactlnr

24 4220 28 4265 l

24 4292 26 4322 4
