2482 4340
248 275 319 364 538
398 321 403 328 -
562 215 879 343 ,onano'·

159 463 163 482 ¹
243 426 543 550 liutiiinlignium
556 445 683 550 patti'
765 443 993 526 essevolulffe
1003 445 1231 526 Academia-

142 552 168 656 ’ἦ
243 569 327 626 rum
341 548 611 652 gubernaturus.
715 552 825 652 tquis
837 571 910 625 tam
930 547 1051 628 estsui
1066 550 1218 629 honori⁴

244 649 444 727 immernor
460 673 500 726 vt
520 647 661 754 spirims
680 649 751 728 fibi.
765 647 926 727 cresoere
944 651 1042 728 lraud
1072 650 1206 729 sentia

243 773 357 852 quum
379 747 417 827 se
429 749 537 854 Regis
557 753 777 832 Francorum
800 750 959 829 sodalem
983 751 1055 830 elit
1077 753 1205 831 audiar

245 853 384 932 Verum
412 873 560 939 metuo,
581 873 623 930 vt
651 853 725 932 hoc
744 877 869 932 verum
889 851 941 930 stt.
1023 857 1214 959 Repugnt

242 950 360 1031 forma
374 954 465 1058 regii
477 955 700 1032 Francorum
712 955 832 1058 pallii,
845 977 939 1057 quae
951 953 1111 1058 prorfirs
1127 983 1152 1036 a
1167 983 1215 1035 no

242 1053 305 1132 stri
318 1053 519 1170 rationibus
531 1052 665 1150 differt,
678 1055 977 1234 repuffinatcolot.
1029 1059 1219 1161 Quadran

242 1155 367 1256 gulum
384 1153 422 1232 id
439 1157 510 1248 est,
536 1157 650 1234 aureis
664 1157 746 1235 liliis
796 1157 984 1235 'stinuum
1036 1161 1222 1240 coerule-

241 1281 328 1344 um,
350 1255 511 1365 denique
528 1279 650 1336 totum
665 1259 758 1364 tegit
773 1260 981 1353 hominem,
999 1260 1154 1354 verbo,
1171 1289 1227 1365 pa

239 1355 490 1438 ludantentum
505 1357 594 1436 illud
608 1381 712 1438 vetus
725 1361 778 1438 est
794 1367 1063 1466 lmperatorum
1089 1366 1229 1442 Roma·

56 1519 98 1548 ,,
232 1481 381 1538 notum.
459 1459 647 1558 Mittamus
663 1463 773 1564 igitur
786 1464 880 1541 hanc
893 1461 1012 1565 regiae
1029 1462 1226 1567 dignitatis

239 1561 429 1648 umbram,
459 1585 568 1663 quam
605 1561 714 1640 nimis
745 1565 939 1644 liberaliter
968 1565 1088 1642 nobis
1121 1566 1222 1646 multi

221 1663 422 1782 tribuunt,
444 1685 483 1743 et
497 1665 641 1744 minore
654 1666 939 1746 contentifimus
952 1668 1127 1750 honore.

97 1947 104 1957 .
236 1910 239 1918 ·
270 1865 532 2045 ι(ἒέἱάιιιοτοτ
551 1891 638 1954 vos,
666 1869 898 1947 Avorroats!
923 1868 1148 1950 Enunn'abo
1169 1869 1211 1948 id.

236 1993 315 2086 quo
357 1990 498 2046 eertum
509 1991 646 2088 ‘propo
660 1967 736 2048 di'ci
748 1971 871 2073 potest
884 1971 922 2046 iu
942 1969 1013 2044 hac
1028 1995 1070 2048 re
1087 1995 1130 2048 et
1144 1999 1211 2049 ma

87 2134 91 2145 .
221 2083 318 2178 “gnis
333 2069 550 2149 testimoniis
568 2091 702 2150 ututur.
767 2072 914 2150 Pallium
934 2070 1011 2147 hoc
1028 2073 1218 2164 nostrum,

264 2191 394 2275 utputa
418 2171 507 2246 haec
528 2171 670 2259 nostra,
693 2171 843 2250 umidus
863 2171 915 2250 est
929 2174 1077 2250 Ducum
1095 2197 1215 2270 atque

235 2199 387 2354 i'arium
402 2269 503 2372 regni
517 2273 696 2352 Franciao
746 2277 838 2350 Non
853 2297 920 2350 vos
932 2271 1112 2376 praetuin
1128 2270 1208 2346 else

233 2372 275 2452 in
297 2375 517 2450 Francorum
540 2397 658 2478 regno
682 2371 882 2452 duodecim
910 2367 1207 2452 erninarrtiffimae

234 2473 421 2578 dignitatis
433 2473 531 2553 viros
546 2499 584 2553 et
598 2475 759 2561 iudices,
783 2501 878 2578 quos
898 2473 1125 2576 Paresregni
1138 2497 1211 2551 no-

147 2649 153 2664 „
236 2581 380 2660 minant
394 2598 433 2654 et
444 2577 661 2680 pleriqueab
673 2581 833 2655 Hvoona
851 2581 1004 2657 Cartoo
1021 2577 1209 2654 institutor

235 2680 308 2758 elie
327 2677 554 2782 suspicantur.
628 2679 698 2756 Sex
710 2677 845 2758 horum
861 2681 1003 2756 Parium
1016 2675 1105 2758 sacri
1133 2679 1200 2757 surr
1239 2697 1240 2759 l

162 2777 166 2790 '
234 2781 391 2862 ordinis:
413 2778 472 2858 sex
485 2777 698 2860 exmilitum
712 2801 752 2858 tt
765 2781 928 2883 equitum
949 2779 1086 2858 ordine
1107 2801 1202 2860 more

123 2887 128 2892 ’
233 2905 399 2961 veterum
425 2881 645 2990 deliguntur.
724 2881 812 2974 His,
842 2884 906 2985 qui
933 2879 1028 2984 Regi
1048 2879 1209 2984 proximi

231 2983 332 3076 sunt,
358 2981 506 3060 Paribus
529 2981 707 3062 conceffit
726 3003 893 3060 veterum
916 2984 1059 3100 Regum
1083 2983 1213 3086 aliquis

232 3083 452 3190 potestatem
479 3083 631 3187 palliolo
656 3109 706 3188 pu
751 3083 1153 3185 ureovtend1‚quum
1172 3089 1214 3162 in

231 3187 400 3292 supremo
414 3187 568 3276 Senatu,
591 3211 703 3289 quem
745 3187 983 3265 orlomeneum
995 3187 1212 3272 nominant,
1238 3235 1239 3240 Ν

229 3291 357 3368 locum
370 3287 473 3367 suum
486 3310 681 3393 occupant.
732 3291 846 3368 Pater
861 3287 947 3367 eccle
959 3283 1070 3384 tostici
1084 3289 1211 3365 omati

97 3453 100 3464 .
229 3387 312 3468 suot
324 3413 479 3493 purpura
493 3391 670 3470 violacea':
691 3385 833 3491 profani
844 3387 916 3467 siue
943 3387 1146 3480 aeculares,
1169 3413 1210 3466 rr

231 3495 443 3592 loquuntur,
457 3515 526 3592 pur
551 3488 848 3572 uratoccinealiue
860 3489 981 3570 rubra.
1031 3491 1204 3568 Dtmon

228 3593 317 3670 strat
338 3594 412 3670 lroe
439 3517 593 3670 celeiris
610 3591 805 3672 Gallorum
827 3589 998 3695 scriptor,
1020 3593 1197 3670 Annam

229 3697 386 3786 Faunus
398 3691 447 3779 dt
464 3693 642 3800 officiariis
662 3715 804 3786 cumae
822 3695 994 3778 franciae
1008 3693 1186 3878 birofllg
