2536 4350
101 917 111 952 l

206 1073 209 1080 .
244 985 641 1092 ponamus,'rationum
655 979 801 1060 alteram
815 981 1038 1062 habebimus.
1097 988 1158 1062 Ex
1167 985 1213 1062 mi·

243 314 321 399 434
412 265 550 371 *ur
575 235 994 394 uxrsuruarroun
1047 229 1057 244 ’

122 495 125 505 “
222 439 627 580 'riisvtilituiprostrata
640 473 806 554 iacuisset.
862 478 920 554 Eo
931 453 1023 554 teste
1034 476 1098 571 vti,
1110 503 1215 580 quem

245 580 399 700 ipsemet
413 567 575 672 accuses',
601 577 678 654 eius
694 575 839 655 laudare
855 573 1097 672 sententiam,
1122 583 1223 668 cuius}

177 695 178 700 ‘
245 689 472 786 impietatem
512 677 726 772 detesteris,
758 675 910 781 prorsus
953 675 1124 782 inepgum
1170 675 1223 758 esp

209 819 212 825 ·
231 767 360 890 'lplam
377 779 682 886 disputationum,
706 803 798 880 quae
810 779 947 857 tu'mde
959 783 1144 872 miraculis
1162 782 1180 860 s
1196 827 1206 842 -

244 887 382 964 uatoris
407 903 534 960 enatae
555 903 677 969 erant,
702 880 998 960 conditionemsr
1020 884 1071 960 ob
1093 886 1209 962 oculus

236 1087 415 1170 ¹rabilibus
438 1087 644 1162 aionem
669 1083 841 1184 operibus
863 1087 1030 1162 Deorum
1062 1085 1214 1164 cultores

246 1187 531 1292 argumentuma
548 1185 735 1289 stupendis
750 1184 998 1264 christlfauis
1014 1181 1165 1266 dudum
1179 1193 1213 1264 in·

126 1305 134 1352 ἓ
247 1289 390 1369 fumare
412 1285 615 1364 studebant
693 1285 757 1363 Ad
781 1311 894 1387 quem
916 1307 1040 1383 tamen
1071 1287 1209 1394 scopon

160 1421 163 1428 ¹
245 1415 326 1472 non
341 1385 884 1490 vna‘omnesviaproperabant.
941 1393 1071 1468 Nemo
1086 1395 1210 1470 etenin

161 1543 167 1564 r
246 1491 420 1578 curuos,
447 1489 509 1592 qui
533 1489 570 1567 in
584 1488 648 1566 ista
664 1487 924 1594 depugnabant
942 1489 1149 1594 palaestra,
1172 1519 1212 1570 ae·

246 1619 341 1700 quae
356 1593 454 1670 bene
469 1613 506 1667 et
520 1589 701 1692 praeclare
718 1591 991 1670 deArorronro
1001 1593 1213 1677 existimall'a

246 1698 285 1774 i'n
312 1692 649 1786 animumtinducat
719 1691 830 1770 Multi
850 1692 1003 1794 quidem
1011 1697 1122 1798 ,qui
1149 1717 1208 1774 cum

210 1867 213 1874 ,
247 1791 520 1877 Hranocrasese
541 1793 822 1888 coniunxerant,
847 1796 969 1872 omnia
985 1819 1082 1898 quae
1104 1815 1223 1901 egerat

247 1897 394 1978 diuinae
413 1895 553 1974 virtutis
576 1893 670 1998 figna
693 1894 781 1988 esse,
806 1895 951 1997 quaein
974 1921 1023 1974 eo
1040 1897 1201 1977 habitata

146 1986 159 2036 ⁸
246 1999 313 2086 rit,
338 1996 624 2076 contendebant
701 1998 755 2075 Ex
775 2021 851 2097 quo
867 1995 915 2075 ita
930 1997 1100 2076 aduersus
1117 1997 1209 2079 Clui-

232 2101 381 2178 .stianos
406 2097 688 2176 concludebant.
766 2099 821 2175 Ex
835 2099 1010 2276 operibus
1024 2101 1213 2180 Sematoris

205 2247 210 2256 -
246 2201 345 2280 haud
365 2198 467 2303 poll'e
488 2195 600 2292 effici,
624 2194 792 2278 Deorum
811 2225 857 2278 cu
871 2224 949 2278 tum
971 2199 1212 2300 abrogandum

248 2303 356 2402 eique
381 2297 492 2377 fidem
507 2324 658 2377 omnem
676 2286 916 2380 addicendam
940 2301 1120 2392 esiacum
1136 2295 1211 2372 fre-

246 2398 495 2506 quentillimns
518 2401 681 2480 Deorum
711 2401 833 2479 cultor
859 2401 962 2482 simili
986 2397 1135 2479 ululet
1149 2424 1214 2478 ro·

185 2503 190 2510 '
247 2506 339 2582 bore
354 2501 520 2582 homenis
535 2503 666 2582 viribus
682 2499 871 2606 superiora
878 2501 1126 2607 producendi:
1145 2499 1213 2580 Sed

231 2605 318 2693 alii,
332 2602 519 2706 siquidem
537 2604 585 2681 ita
600 2605 736 2681 vellent
744 2605 879 2684 Christi
895 2603 981 2684 disci
1011 2606 1073 2700 uli,
1085 2605 1213 2688 omnia,

247 2731 340 2810 quae
361 2703 547 2809 perfecisse
576 2683 784 2798 serebatur,
815 2631 1023 2786 admiranda
1044 2709 1205 2786 malorum

247 2811 441 2913 geniorum
461 2806 592 2884 auxilio
605 2805 746 2909 peradia
770 2805 890 2895 fuisse,
915 2809 1124 2888 concedere
1135 2825 1212 2881 nun

48 2937 52 2946 ’
121 2979 138 3004 .,
246 2901 464 2989 verebantur
484 2931 645 2984 veterem
671 2907 909 3012 illamsquae
930 2911 1000 2986 iam
1021 2911 1223 2996 nolueram

246 3010 296 3090 de
311 3008 460 3112 Magical
472 3008 547 3086 eius
560 3007 773 3088 sententiam
788 3035 867 3088 non
882 3011 1122 3092 deserandam
1137 3007 1217 3090 effe,

245 3109 531 3192 consentiebant.
593 3111 708 3214 Qod
731 3136 844 3212 genus
857 3111 1051 3190 hominum
1071 3133 1216 3192 omnen

245 3214 352 3294 istum
370 3210 418 3288 de
433 3213 638 3290 auerruncis
649 3213 770 3289 statuis
783 3213 828 3290 ad
842 3213 932 3290 mala
944 3204 1216 3318 quaedampto

159 3411 163 3420 .
244 3313 415 3422 pulsanda
429 3312 473 3390 ab
490 3336 541 3431 eo
554 3311 678 3416 pofitis
700 3337 885 3393 rumorem
901 3315 1116 3394 ¹concitalse
1138 3313 1213 3396 arbi

244 3439 332 3496 tror.
384 3413 468 3493 Eius
484 3439 618 3492 emme
634 3439 674 3491 re
690 3439 776 3492 cum
794 3416 1052 3504 ma'xirneerat,
1066 3413 1209 3522 utplur

244 3543 303 3595 rna
323 3505 548 3594 incredibilia
568 3537 709 3608 acarte
734 3517 889 3595 humana
911 3517 1048 3596 maiora
1073 3513 1204 3622 patrui

115 3635 120 3644 ·
246 3618 464 3696 crederetur.
520 3619 806 3696 Verumtamen
828 3619 904 3697 hoc
925 3617 1004 3722 ipso
1022 3619 1197 3702 concert·

44 3797 54 3832 Ι,
192 3721 295 3841 ‘ita
310 3716 598 3800 Christinocere
612 3719 838 3802 conabantur
850 3719 1136 3824 miraculum,
1151 3733 1194 3804 ci

1153 3825 1196 3902 d*
