<?xml version="1.0" encoding="UTF-8"?>
<!DOCTYPE html PUBLIC "-//W3C//DTD XHTML 1.0 Transitional//EN"
    "http://www.w3.org/TR/xhtml1/DTD/xhtml1-transitional.dtd">
<html xmlns="http://www.w3.org/1999/xhtml" xml:lang="en" lang="en">
 <head>
  <title>
</title>
<meta http-equiv="Content-Type" content="text/html;charset=utf-8" />
  <meta name='ocr-system' content='tesseract 3.04.00' />
  <meta name='ocr-capabilities' content='ocr_page ocr_carea ocr_par ocr_line ocrx_word'/>
</head>
<body>
  <div class='ocr_page' id='page_1' title='image "./iolavrentiiamos00conggoog_0424.png"; bbox 0 0 2458 4340; ppageno 0'>
   <div class='ocr_carea' id='block_1_1' title="bbox 102 225 1153 398">
    <p class='ocr_par' dir='ltr' id='par_1_1' title="bbox 102 225 1153 398">
     <span class='ocr_line' id='line_1_1' title="bbox 102 225 1153 398; baseline 0.017 -40"><span class='ocrx_word' id='word_1_1' title='bbox 102 235 390 379; x_wconf 73' lang='lat' dir='ltr'>&#39;auratam</span> <span class='ocrx_word' id='word_1_2' title='bbox 406 259 624 398; x_wconf 76' lang='lat' dir='ltr'>nosrta</span> <span class='ocrx_word' id='word_1_3' title='bbox 635 227 1015 398; x_wconf 50' lang='lat' dir='ltr'>triennarum</span> <span class='ocrx_word' id='word_1_4' title='bbox 1140 225 1153 234; x_wconf 53' lang='grc'><strong><em>’</em></strong></span> 
     </span>
    </p>
   </div>
   <div class='ocr_carea' id='block_1_2' title="bbox 50 445 1151 570">
    <p class='ocr_par' dir='ltr' id='par_1_2' title="bbox 50 445 1151 570">
     <span class='ocr_line' id='line_1_2' title="bbox 50 445 1151 570; baseline 0.015 -28"><span class='ocrx_word' id='word_1_5' title='bbox 50 465 101 542; x_wconf 87' lang='lat' dir='ltr'>nis</span> <span class='ocrx_word' id='word_1_6' title='bbox 114 487 161 544; x_wconf 85' lang='lat' dir='ltr'>ex</span> <span class='ocrx_word' id='word_1_7' title='bbox 174 464 276 544; x_wconf 89' lang='lat' dir='ltr'>latini</span> <span class='ocrx_word' id='word_1_8' title='bbox 289 445 483 556; x_wconf 69' lang='lat' dir='ltr'>immonis,</span> <span class='ocrx_word' id='word_1_9' title='bbox 506 449 578 568; x_wconf 73' lang='lat' dir='ltr'>qu&#39;a</span> <span class='ocrx_word' id='word_1_10' title='bbox 591 465 729 570; x_wconf 86' lang='lat' dir='ltr'>pollet,</span> <span class='ocrx_word' id='word_1_11' title='bbox 749 467 921 553; x_wconf 71' lang='lat' dir='ltr'>facultate</span> <span class='ocrx_word' id='word_1_12' title='bbox 939 499 1017 558; x_wconf 88' lang='lat' dir='ltr'>me·</span> <span class='ocrx_word' id='word_1_13' title='bbox 1147 525 1151 530; x_wconf 95' lang='lat'>-</span> 
     </span>
    </p>
   </div>
   <div class='ocr_carea' id='block_1_3' title="bbox 39 561 1112 1286">
    <p class='ocr_par' dir='ltr' id='par_1_3' title="bbox 39 561 1112 1262">
     <span class='ocr_line' id='line_1_3' title="bbox 48 561 1074 680; baseline 0.01 -36"><span class='ocrx_word' id='word_1_14' title='bbox 48 565 201 657; x_wconf 82' lang='lat' dir='ltr'>duntur,</span> <span class='ocrx_word' id='word_1_15' title='bbox 226 565 433 680; x_wconf 73' lang='lat' dir='ltr'>etpallenn</span> <span class='ocrx_word' id='word_1_16' title='bbox 455 561 600 662; x_wconf 85' lang='lat' dir='ltr'>sudant,</span> <span class='ocrx_word' id='word_1_17' title='bbox 627 569 816 665; x_wconf 77' lang='lat' dir='ltr'>nauseant,</span> <span class='ocrx_word' id='word_1_18' title='bbox 840 575 1018 680; x_wconf 81' lang='lat' dir='ltr'>vbiegre-</span> <span class='ocrx_word' id='word_1_19' title='bbox 1071 616 1074 632; x_wconf 90' lang='lat'><em>·</em></span> 
     </span>
     <span class='ocr_line' id='line_1_4' title="bbox 45 667 1072 776; baseline 0.018 -30"><span class='ocrx_word' id='word_1_20' title='bbox 45 669 126 770; x_wconf 86' lang='lat' dir='ltr'>gius</span> <span class='ocrx_word' id='word_1_21' title='bbox 147 667 191 746; x_wconf 90' lang='lat' dir='ltr'>ali</span> <span class='ocrx_word' id='word_1_22' title='bbox 246 670 311 744; x_wconf 89' lang='lat' dir='ltr'>uin</span> <span class='ocrx_word' id='word_1_23' title='bbox 331 689 427 744; x_wconf 80' lang='lat' dir='ltr'>varos</span> <span class='ocrx_word' id='word_1_24' title='bbox 449 689 572 750; x_wconf 87' lang='lat' dir='ltr'>rerum</span> <span class='ocrx_word' id='word_1_25' title='bbox 592 670 723 773; x_wconf 77' lang='lat' dir='ltr'>magis,</span> <span class='ocrx_word' id='word_1_26' title='bbox 744 697 853 776; x_wconf 89' lang='lat' dir='ltr'>quam</span> <span class='ocrx_word' id='word_1_27' title='bbox 881 681 1014 758; x_wconf 88' lang='lat' dir='ltr'>verbo·</span> <span class='ocrx_word' id='word_1_28' title='bbox 1052 713 1072 764; x_wconf 63' lang='grc' dir='ltr'>κ</span> 
     </span>
     <span class='ocr_line' id='line_1_5' title="bbox 44 765 1017 881; baseline 0.009 -34"><span class='ocrx_word' id='word_1_29' title='bbox 44 794 148 855; x_wconf 89' lang='lat' dir='ltr'>rum,</span> <span class='ocrx_word' id='word_1_30' title='bbox 170 765 227 846; x_wconf 83' lang='lat' dir='ltr'>stu</span> <span class='ocrx_word' id='word_1_31' title='bbox 257 770 294 844; x_wconf 89' lang='lat' dir='ltr'>&#39;o</span> <span class='ocrx_word' id='word_1_32' title='bbox 311 765 414 859; x_wconf 81' lang='lat' dir='ltr'>duci,</span> <span class='ocrx_word' id='word_1_33' title='bbox 438 791 500 846; x_wconf 90' lang='lat' dir='ltr'>aut</span> <span class='ocrx_word' id='word_1_34' title='bbox 519 768 696 851; x_wconf 77' lang='lat' dir='ltr'>damnatis</span> <span class='ocrx_word' id='word_1_35' title='bbox 717 774 934 876; x_wconf 78' lang='lat' dir='ltr'>quibusdem</span> <span class='ocrx_word' id='word_1_36' title='bbox 950 803 1017 881; x_wconf 82' lang='lat' dir='ltr'>vo·</span> 
     </span>
     <span class='ocr_line' id='line_1_6' title="bbox 42 867 1112 986; baseline 0.01 -38"><span class='ocrx_word' id='word_1_37' title='bbox 42 867 181 948; x_wconf 81' lang='lat' dir='ltr'>tabulis</span> <span class='ocrx_word' id='word_1_38' title='bbox 195 867 777 986; x_wconf 79' lang='lat' dir='ltr'>orationtmdistinguerevident:</span> <span class='ocrx_word' id='word_1_39' title='bbox 804 879 1015 983; x_wconf 79' lang='lat' dir='ltr'>Noniaego</span> <span class='ocrx_word' id='word_1_40' title='bbox 1036 947 1055 974; x_wconf 69' lang='lat'>,</span> <span class='ocrx_word' id='word_1_41' title='bbox 1108 922 1112 930; x_wconf 75' lang='lat'>,</span> 
     </span>
     <span class='ocr_line' id='line_1_7' title="bbox 39 967 1015 1088; baseline 0.008 -40"><span class='ocrx_word' id='word_1_42' title='bbox 39 969 120 1088; x_wconf 62' lang='lat' dir='ltr'>sunt</span> <span class='ocrx_word' id='word_1_43' title='bbox 133 969 217 1072; x_wconf 90' lang='lat' dir='ltr'>qui,</span> <span class='ocrx_word' id='word_1_44' title='bbox 240 967 342 1074; x_wconf 92' lang='lat' dir='ltr'>quod</span> <span class='ocrx_word' id='word_1_45' title='bbox 356 969 508 1050; x_wconf 87' lang='lat' dir='ltr'>illenou</span> <span class='ocrx_word' id='word_1_46' title='bbox 522 973 672 1076; x_wconf 76' lang='lat' dir='ltr'>illepide</span> <span class='ocrx_word' id='word_1_47' title='bbox 688 977 785 1082; x_wconf 90' lang='lat' dir='ltr'>apud</span> <span class='ocrx_word' id='word_1_48' title='bbox 808 979 1015 1074; x_wconf 78' lang='lat' dir='ltr'>comicum,</span> 
     </span>
     <span class='ocr_line' id='line_1_8' title="bbox 41 1073 1037 1262; baseline 0.015 -13"><span class='ocrx_word' id='word_1_49' title='bbox 41 1093 490 1252; x_wconf 62' lang='lat' dir='ltr'>&#39;‘³2¹¹{3ullur3‘lll&#39;r‘</span> <span class='ocrx_word' id='word_1_50' title='bbox 507 1073 820 1258; x_wconf 48' lang='lat' dir='ltr'>diidi‘iffli‘</span> <span class='ocrx_word' id='word_1_51' title='bbox 840 1080 946 1262; x_wconf 53' lang='lat' dir='ltr'>&#39;tl-¹³⁰⁵</span> <span class='ocrx_word' id='word_1_52' title='bbox 962 1081 1037 1160; x_wconf 62' lang='lat'>¹⁶⁵</span> 
     </span>
    </p>

    <p class='ocr_par' dir='ltr' id='par_1_4' title="bbox 487 1203 1014 1286">
     <span class='ocr_line' id='line_1_9' title="bbox 487 1203 1014 1286; baseline 0.021 -36"><span class='ocrx_word' id='word_1_53' title='bbox 487 1206 496 1250; x_wconf 91' lang='lat'><strong>:</strong></span> <span class='ocrx_word' id='word_1_54' title='bbox 644 1203 682 1256; x_wconf 87' lang='lat' dir='ltr'>nr</span> <span class='ocrx_word' id='word_1_55' title='bbox 717 1203 768 1257; x_wconf 87' lang='lat' dir='ltr'>cn</span> <span class='ocrx_word' id='word_1_56' title='bbox 796 1203 842 1258; x_wconf 90' lang='lat' dir='ltr'>en</span> <span class='ocrx_word' id='word_1_57' title='bbox 906 1203 1014 1286; x_wconf 89' lang='lat' dir='ltr'>pote·</span> 
     </span>
    </p>
   </div>
   <div class='ocr_carea' id='block_1_4' title="bbox 39 1272 1212 1464">
    <p class='ocr_par' dir='ltr' id='par_1_5' title="bbox 39 1272 1212 1464">
     <span class='ocr_line' id='line_1_10' title="bbox 92 1272 1157 1382; baseline 0.013 -30"><span class='ocrx_word' id='word_1_58' title='bbox 92 1296 168 1352; x_wconf 87' lang='lat' dir='ltr'>tem</span> <span class='ocrx_word' id='word_1_59' title='bbox 183 1272 465 1352; x_wconf 81' lang='lat' dir='ltr'>concedendam</span> <span class='ocrx_word' id='word_1_60' title='bbox 479 1273 570 1365; x_wconf 83' lang='lat' dir='ltr'>ess&#39;e,</span> <span class='ocrx_word' id='word_1_61' title='bbox 595 1276 660 1358; x_wconf 84' lang='lat' dir='ltr'>nisa</span> <span class='ocrx_word' id='word_1_62' title='bbox 677 1281 740 1382; x_wconf 91' lang='lat' dir='ltr'>qui</span> <span class='ocrx_word' id='word_1_63' title='bbox 757 1281 864 1360; x_wconf 86' lang='lat' dir='ltr'>verba</span> <span class='ocrx_word' id='word_1_64' title='bbox 887 1286 1013 1364; x_wconf 86' lang='lat' dir='ltr'>omnia</span> <span class='ocrx_word' id='word_1_65' title='bbox 1155 1278 1157 1286; x_wconf 52' lang='lat'>&#39;</span> 
     </span>
     <span class='ocr_line' id='line_1_11' title="bbox 39 1373 1212 1464; baseline 0.009 -10"><span class='ocrx_word' id='word_1_66' title='bbox 39 1397 79 1454; x_wconf 92' lang='lat' dir='ltr'>et</span> <span class='ocrx_word' id='word_1_67' title='bbox 99 1373 299 1455; x_wconf 68' lang='lat' dir='ltr'>vniuerssm</span> <span class='ocrx_word' id='word_1_68' title='bbox 318 1375 522 1456; x_wconf 73' lang='lat' dir='ltr'>dielionem</span> <span class='ocrx_word' id='word_1_69' title='bbox 541 1377 590 1463; x_wconf 87' lang='lat' dir='ltr'>ad</span> <span class='ocrx_word' id='word_1_70' title='bbox 617 1379 777 1460; x_wconf 86' lang='lat' dir='ltr'>amussim</span> <span class='ocrx_word' id='word_1_71' title='bbox 810 1383 1012 1464; x_wconf 79' lang='lat' dir='ltr'>Romanam</span> <span class='ocrx_word' id='word_1_72' title='bbox 1083 1423 1086 1436; x_wconf 93' lang='lat'>·</span> <span class='ocrx_word' id='word_1_73' title='bbox 1146 1449 1149 1460; x_wconf 95' lang='lat'>.</span> <span class='ocrx_word' id='word_1_74' title='bbox 1209 1442 1212 1451; x_wconf 83' lang='lat'><em>·</em></span> 
     </span>
    </p>
   </div>
   <div class='ocr_carea' id='block_1_5' title="bbox 37 1475 1012 1584">
    <p class='ocr_par' dir='ltr' id='par_1_6' title="bbox 37 1475 1012 1584">
     <span class='ocr_line' id='line_1_12' title="bbox 37 1475 1012 1584; baseline 0.01 -30"><span class='ocrx_word' id='word_1_75' title='bbox 37 1475 270 1556; x_wconf 86' lang='lat' dir='ltr'>conformare</span> <span class='ocrx_word' id='word_1_76' title='bbox 284 1475 434 1556; x_wconf 81' lang='lat' dir='ltr'>studeat.</span> <span class='ocrx_word' id='word_1_77' title='bbox 466 1479 690 1558; x_wconf 86' lang='lat' dir='ltr'>Hocaurent</span> <span class='ocrx_word' id='word_1_78' title='bbox 703 1483 904 1584; x_wconf 82' lang='lat' dir='ltr'>quaeritura</span> <span class='ocrx_word' id='word_1_79' title='bbox 931 1488 1012 1564; x_wconf 78' lang='lat' dir='ltr'>An-</span> 
     </span>
    </p>
   </div>
   <div class='ocr_carea' id='block_1_6' title="bbox 38 1567 1186 1699">
    <p class='ocr_par' dir='ltr' id='par_1_7' title="bbox 38 1567 1186 1699">
     <span class='ocr_line' id='line_1_13' title="bbox 38 1567 1186 1699; baseline 0.017 -43"><span class='ocrx_word' id='word_1_80' title='bbox 38 1603 86 1657; x_wconf 88' lang='lat' dir='ltr'>ne</span> <span class='ocrx_word' id='word_1_81' title='bbox 99 1577 235 1657; x_wconf 91' lang='lat' dir='ltr'>honori</span> <span class='ocrx_word' id='word_1_82' title='bbox 251 1575 335 1666; x_wconf 84' lang='lat' dir='ltr'>suo,</span> <span class='ocrx_word' id='word_1_83' title='bbox 359 1578 575 1699; x_wconf 79' lang='lat' dir='ltr'>utilitatique</span> <span class='ocrx_word' id='word_1_84' title='bbox 587 1583 755 1684; x_wconf 88' lang='lat' dir='ltr'>publicae</span> <span class='ocrx_word' id='word_1_85' title='bbox 775 1585 905 1666; x_wconf 73' lang='lat' dir='ltr'>rectius</span> <span class='ocrx_word' id='word_1_86' title='bbox 918 1612 1011 1666; x_wconf 88' lang='lat' dir='ltr'>con·</span> <span class='ocrx_word' id='word_1_87' title='bbox 1113 1581 1119 1586; x_wconf 64' lang='grc'><strong>’</strong></span> <span class='ocrx_word' id='word_1_88' title='bbox 1144 1677 1150 1698; x_wconf 64' lang='grc'><strong><em>,</em></strong></span> <span class='ocrx_word' id='word_1_89' title='bbox 1182 1567 1186 1578; x_wconf 51' lang='grc'><strong>’</strong></span> 
     </span>
    </p>
   </div>
   <div class='ocr_carea' id='block_1_7' title="bbox 37 1679 1058 1888">
    <p class='ocr_par' dir='ltr' id='par_1_8' title="bbox 37 1679 1058 1888">
     <span class='ocr_line' id='line_1_14' title="bbox 37 1679 1058 1786; baseline 0.007 -28"><span class='ocrx_word' id='word_1_90' title='bbox 37 1679 172 1771; x_wconf 84' lang='lat' dir='ltr'>sulam,</span> <span class='ocrx_word' id='word_1_91' title='bbox 195 1679 279 1782; x_wconf 88' lang='lat' dir='ltr'>qui,</span> <span class='ocrx_word' id='word_1_92' title='bbox 296 1703 368 1784; x_wconf 88' lang='lat' dir='ltr'>pru</span> <span class='ocrx_word' id='word_1_93' title='bbox 389 1679 455 1760; x_wconf 87' lang='lat' dir='ltr'>suo</span> <span class='ocrx_word' id='word_1_94' title='bbox 476 1707 632 1786; x_wconf 83' lang='lat' dir='ltr'>quasque</span> <span class='ocrx_word' id='word_1_95' title='bbox 652 1684 771 1764; x_wconf 88' lang='lat' dir='ltr'>ruodo</span> <span class='ocrx_word' id='word_1_96' title='bbox 786 1709 826 1766; x_wconf 88' lang='lat' dir='ltr'>et</span> <span class='ocrx_word' id='word_1_97' title='bbox 840 1685 1011 1782; x_wconf 87' lang='lat' dir='ltr'>coulilio,</span> <span class='ocrx_word' id='word_1_98' title='bbox 1054 1739 1058 1754; x_wconf 74' lang='lat'><strong>·</strong></span> 
     </span>
     <span class='ocr_line' id='line_1_15' title="bbox 39 1779 1009 1888; baseline 0.007 -28"><span class='ocrx_word' id='word_1_99' title='bbox 39 1807 132 1888; x_wconf 88' lang='lat' dir='ltr'>quae</span> <span class='ocrx_word' id='word_1_100' title='bbox 160 1782 256 1860; x_wconf 77' lang='lat' dir='ltr'>bme</span> <span class='ocrx_word' id='word_1_101' title='bbox 282 1803 322 1859; x_wconf 91' lang='lat' dir='ltr'>er</span> <span class='ocrx_word' id='word_1_102' title='bbox 347 1779 525 1886; x_wconf 81' lang='lat' dir='ltr'>sapienter</span> <span class='ocrx_word' id='word_1_103' title='bbox 557 1785 827 1887; x_wconf 76' lang='lat' dir='ltr'>excogitarunt,</span> <span class='ocrx_word' id='word_1_104' title='bbox 856 1787 1009 1884; x_wconf 87' lang='lat' dir='ltr'>munda,</span> 
     </span>
    </p>
   </div>
   <div class='ocr_carea' id='block_1_8' title="bbox 39 1881 1180 1988">
    <p class='ocr_par' dir='ltr' id='par_1_9' title="bbox 39 1881 1180 1988">
     <span class='ocr_line' id='line_1_16' title="bbox 39 1881 1180 1988; baseline 0 -26"><span class='ocrx_word' id='word_1_105' title='bbox 39 1881 216 1988; x_wconf 73' lang='lat' dir='ltr'>aequabili</span> <span class='ocrx_word' id='word_1_106' title='bbox 231 1881 323 1962; x_wconf 86' lang='lat' dir='ltr'>clara</span> <span class='ocrx_word' id='word_1_107' title='bbox 338 1883 459 1960; x_wconf 90' lang='lat' dir='ltr'>neruis</span> <span class='ocrx_word' id='word_1_108' title='bbox 480 1884 546 1964; x_wconf 86' lang='lat' dir='ltr'>suis</span> <span class='ocrx_word' id='word_1_109' title='bbox 569 1883 753 1980; x_wconf 74' lang='lat' dir='ltr'>adstrida,</span> <span class='ocrx_word' id='word_1_110' title='bbox 777 1887 856 1979; x_wconf 88' lang='lat' dir='ltr'>tali,</span> <span class='ocrx_word' id='word_1_111' title='bbox 876 1889 1009 1984; x_wconf 78' lang='lat' dir='ltr'>verbo,</span> <span class='ocrx_word' id='word_1_112' title='bbox 1168 1889 1180 1924; x_wconf 76' lang='lat'>⁸</span> 
     </span>
    </p>
   </div>
   <div class='ocr_carea' id='block_1_9' title="bbox 42 1983 1118 2207">
    <p class='ocr_par' dir='ltr' id='par_1_10' title="bbox 42 1983 1118 2207">
     <span class='ocr_line' id='line_1_17' title="bbox 42 1983 1118 2093; baseline 0 -29"><span class='ocrx_word' id='word_1_113' title='bbox 42 1987 134 2088; x_wconf 78' lang='lat' dir='ltr'>quali</span> <span class='ocrx_word' id='word_1_114' title='bbox 155 1983 313 2064; x_wconf 87' lang='lat' dir='ltr'>Romani</span> <span class='ocrx_word' id='word_1_115' title='bbox 333 2006 474 2062; x_wconf 89' lang='lat' dir='ltr'>veteres</span> <span class='ocrx_word' id='word_1_116' title='bbox 494 1985 800 2066; x_wconf 81' lang='lat' dir='ltr'>immortalitatem</span> <span class='ocrx_word' id='word_1_117' title='bbox 824 1986 887 2068; x_wconf 87' lang='lat' dir='ltr'>srbi</span> <span class='ocrx_word' id='word_1_118' title='bbox 911 2015 1011 2093; x_wconf 89' lang='lat' dir='ltr'>para-</span> <span class='ocrx_word' id='word_1_119' title='bbox 1101 2027 1118 2064; x_wconf 56' lang='lat' dir='ltr'>a</span> 
     </span>
     <span class='ocr_line' id='line_1_18' title="bbox 44 2085 1009 2207; baseline 0.004 -42"><span class='ocrx_word' id='word_1_120' title='bbox 44 2109 137 2172; x_wconf 83' lang='lat' dir='ltr'>unt,</span> <span class='ocrx_word' id='word_1_121' title='bbox 152 2089 323 2164; x_wconf 88' lang='lat' dir='ltr'>oratione</span> <span class='ocrx_word' id='word_1_122' title='bbox 334 2085 512 2166; x_wconf 88' lang='lat' dir='ltr'>vestiunt?</span> <span class='ocrx_word' id='word_1_123' title='bbox 545 2092 671 2192; x_wconf 89' lang='lat' dir='ltr'>Atque</span> <span class='ocrx_word' id='word_1_124' title='bbox 686 2091 762 2168; x_wconf 86' lang='lat' dir='ltr'>hoc</span> <span class='ocrx_word' id='word_1_125' title='bbox 774 2111 815 2169; x_wconf 87' lang='lat' dir='ltr'>vt</span> <span class='ocrx_word' id='word_1_126' title='bbox 831 2111 935 2207; x_wconf 91' lang='lat' dir='ltr'>puto,</span> <span class='ocrx_word' id='word_1_127' title='bbox 952 2091 1009 2170; x_wconf 66' lang='lat' dir='ltr'>iia</span> 
     </span>
    </p>
   </div>
   <div class='ocr_carea' id='block_1_10' title="bbox 43 2184 1007 2309">
    <p class='ocr_par' dir='ltr' id='par_1_11' title="bbox 43 2184 1007 2309">
     <span class='ocr_line' id='line_1_19' title="bbox 43 2184 1007 2309; baseline 0.007 -44"><span class='ocrx_word' id='word_1_128' title='bbox 43 2187 125 2266; x_wconf 88' lang='lat' dir='ltr'>dem</span> <span class='ocrx_word' id='word_1_129' title='bbox 142 2184 247 2266; x_wconf 76' lang='lat' dir='ltr'>facile</span> <span class='ocrx_word' id='word_1_130' title='bbox 264 2187 465 2291; x_wconf 78' lang='lat' dir='ltr'>praeceptis</span> <span class='ocrx_word' id='word_1_131' title='bbox 485 2205 525 2268; x_wconf 84' lang='lat' dir='ltr'>et</span> <span class='ocrx_word' id='word_1_132' title='bbox 537 2191 736 2272; x_wconf 83' lang='lat' dir='ltr'>rationibus</span> <span class='ocrx_word' id='word_1_133' title='bbox 744 2247 763 2309; x_wconf 39' lang='lat'>‚·</span> <span class='ocrx_word' id='word_1_134' title='bbox 778 2194 909 2296; x_wconf 70' lang='lat' dir='ltr'>quibus</span> <span class='ocrx_word' id='word_1_135' title='bbox 929 2217 1007 2298; x_wconf 85' lang='lat' dir='ltr'>ger-</span> 
     </span>
    </p>
   </div>
   <div class='ocr_carea' id='block_1_11' title="bbox 42 2287 1141 2485">
    <p class='ocr_par' dir='ltr' id='par_1_12' title="bbox 42 2287 1141 2485">
     <span class='ocr_line' id='line_1_20' title="bbox 42 2287 1141 2396; baseline 0.006 -30"><span class='ocrx_word' id='word_1_136' title='bbox 42 2289 209 2390; x_wconf 69' lang='lat' dir='ltr'>manicae</span> <span class='ocrx_word' id='word_1_137' title='bbox 222 2287 410 2368; x_wconf 70' lang='lat' dir='ltr'>facundiae</span> <span class='ocrx_word' id='word_1_138' title='bbox 429 2291 571 2396; x_wconf 89' lang='lat' dir='ltr'>patroni</span> <span class='ocrx_word' id='word_1_139' title='bbox 592 2291 810 2374; x_wconf 73' lang='lat' dir='ltr'>aduersarios</span> <span class='ocrx_word' id='word_1_140' title='bbox 830 2293 913 2376; x_wconf 81' lang='lat' dir='ltr'>suos</span> <span class='ocrx_word' id='word_1_141' title='bbox 938 2295 1009 2374; x_wconf 86' lang='lat' dir='ltr'>ob·</span> <span class='ocrx_word' id='word_1_142' title='bbox 1114 2295 1141 2390; x_wconf 59' lang='lat' dir='ltr'>J</span> 
     </span>
     <span class='ocr_line' id='line_1_21' title="bbox 46 2385 948 2485; baseline 0.007 -20"><span class='ocrx_word' id='word_1_143' title='bbox 46 2391 221 2485; x_wconf 85' lang='lat' dir='ltr'>tundunt,</span> <span class='ocrx_word' id='word_1_144' title='bbox 251 2385 414 2468; x_wconf 79' lang='lat' dir='ltr'>effecere.</span> <span class='ocrx_word' id='word_1_145' title='bbox 626 2400 632 2414; x_wconf 95' lang='lat'>&#39;</span> <span class='ocrx_word' id='word_1_146' title='bbox 943 2411 948 2418; x_wconf 87' lang='lat'>&#39;</span> 
     </span>
    </p>
   </div>
   <div class='ocr_carea' id='block_1_12' title="bbox 94 2589 1122 2692">
    <p class='ocr_par' dir='ltr' id='par_1_13' title="bbox 94 2589 1122 2692">
     <span class='ocr_line' id='line_1_22' title="bbox 94 2589 1122 2692; baseline 0.005 -25"><span class='ocrx_word' id='word_1_147' title='bbox 94 2589 217 2668; x_wconf 87' lang='lat' dir='ltr'>Dicite</span> <span class='ocrx_word' id='word_1_148' title='bbox 244 2591 378 2683; x_wconf 82' lang='lat' dir='ltr'>nobis,</span> <span class='ocrx_word' id='word_1_149' title='bbox 419 2589 661 2692; x_wconf 80' lang='lat' dir='ltr'>quaesumus,</span> <span class='ocrx_word' id='word_1_150' title='bbox 689 2593 757 2670; x_wconf 86' lang='lat' dir='ltr'>viri</span> <span class='ocrx_word' id='word_1_151' title='bbox 796 2591 1008 2684; x_wconf 78' lang='lat' dir='ltr'>douiffimi,</span> <span class='ocrx_word' id='word_1_152' title='bbox 1119 2593 1122 2600; x_wconf 82' lang='grc'><strong>’</strong></span> 
     </span>
    </p>
   </div>
   <div class='ocr_carea' id='block_1_13' title="bbox 42 2689 1161 3405">
    <p class='ocr_par' dir='ltr' id='par_1_14' title="bbox 42 2689 1161 2896">
     <span class='ocr_line' id='line_1_23' title="bbox 42 2689 1161 2796; baseline 0 -26"><span class='ocrx_word' id='word_1_153' title='bbox 42 2692 213 2796; x_wconf 82' lang='lat' dir='ltr'>quidnam</span> <span class='ocrx_word' id='word_1_154' title='bbox 235 2691 363 2782; x_wconf 89' lang='lat' dir='ltr'>idest,</span> <span class='ocrx_word' id='word_1_155' title='bbox 412 2689 490 2769; x_wconf 93' lang='lat' dir='ltr'>uod</span> <span class='ocrx_word' id='word_1_156' title='bbox 509 2717 575 2769; x_wconf 87' lang='lat' dir='ltr'>vos</span> <span class='ocrx_word' id='word_1_157' title='bbox 595 2691 751 2769; x_wconf 88' lang='lat' dir='ltr'>stimulat</span> <span class='ocrx_word' id='word_1_158' title='bbox 771 2714 810 2771; x_wconf 93' lang='lat' dir='ltr'>et</span> <span class='ocrx_word' id='word_1_159' title='bbox 831 2694 1008 2796; x_wconf 82' lang='lat' dir='ltr'>impellit,</span> <span class='ocrx_word' id='word_1_160' title='bbox 1158 2734 1161 2749; x_wconf 89' lang='lat'><em>·</em></span> 
     </span>
     <span class='ocr_line' id='line_1_24' title="bbox 46 2715 1117 2896; baseline 0.002 -28"><span class='ocrx_word' id='word_1_161' title='bbox 46 2815 81 2871; x_wconf 84' lang='lat' dir='ltr'>ut</span> <span class='ocrx_word' id='word_1_162' title='bbox 92 2795 142 2873; x_wconf 89' lang='lat' dir='ltr'>de</span> <span class='ocrx_word' id='word_1_163' title='bbox 156 2791 375 2872; x_wconf 83' lang='lat' dir='ltr'>restituenda</span> <span class='ocrx_word' id='word_1_164' title='bbox 385 2715 546 2870; x_wconf 64' lang='lat' dir='ltr'>(dennuni</span> <span class='ocrx_word' id='word_1_165' title='bbox 561 2792 803 2896; x_wconf 88' lang='lat' dir='ltr'>patrionariua</span> <span class='ocrx_word' id='word_1_166' title='bbox 819 2791 876 2872; x_wconf 90' lang='lat' dir='ltr'>sua</span> <span class='ocrx_word' id='word_1_167' title='bbox 889 2791 1011 2894; x_wconf 78' lang='lat' dir='ltr'>digni·</span> <span class='ocrx_word' id='word_1_168' title='bbox 1051 2837 1070 2896; x_wconf 62' lang='lat'>⁴.</span> <span class='ocrx_word' id='word_1_169' title='bbox 1113 2809 1117 2824; x_wconf 75' lang='grc'><em>“</em></span> 
     </span>
    </p>

    <p class='ocr_par' dir='ltr' id='par_1_15' title="bbox 45 2891 1010 3405">
     <span class='ocr_line' id='line_1_25' title="bbox 46 2891 1010 2998; baseline 0 -28"><span class='ocrx_word' id='word_1_170' title='bbox 46 2913 109 2976; x_wconf 89' lang='lat' dir='ltr'>tate</span> <span class='ocrx_word' id='word_1_171' title='bbox 121 2919 163 2976; x_wconf 88' lang='lat' dir='ltr'>et</span> <span class='ocrx_word' id='word_1_172' title='bbox 177 2891 469 2998; x_wconf 82' lang='lat' dir='ltr'>pulchritudine,</span> <span class='ocrx_word' id='word_1_173' title='bbox 486 2893 535 2972; x_wconf 88' lang='lat' dir='ltr'>de</span> <span class='ocrx_word' id='word_1_174' title='bbox 548 2893 757 2972; x_wconf 86' lang='lat' dir='ltr'>nominibus</span> <span class='ocrx_word' id='word_1_175' title='bbox 772 2915 810 2971; x_wconf 89' lang='lat' dir='ltr'>et</span> <span class='ocrx_word' id='word_1_176' title='bbox 822 2893 1010 2972; x_wconf 87' lang='lat' dir='ltr'>vocabulis</span> 
     </span>
     <span class='ocr_line' id='line_1_26' title="bbox 45 2993 1008 3103; baseline -0.004 -29"><span class='ocrx_word' id='word_1_177' title='bbox 45 2997 260 3103; x_wconf 76' lang='lat' dir='ltr'>peregrinis,</span> <span class='ocrx_word' id='word_1_178' title='bbox 283 2995 476 3086; x_wconf 82' lang='lat' dir='ltr'>obsoletis,</span> <span class='ocrx_word' id='word_1_179' title='bbox 496 2995 655 3081; x_wconf 86' lang='lat' dir='ltr'>msticis,</span> <span class='ocrx_word' id='word_1_180' title='bbox 682 2993 733 3072; x_wconf 87' lang='lat' dir='ltr'>de</span> <span class='ocrx_word' id='word_1_181' title='bbox 753 2993 1008 3098; x_wconf 88' lang='lat' dir='ltr'>particularum</span> 
     </span>
     <span class='ocr_line' id='line_1_27' title="bbox 45 3095 1007 3202; baseline 0.001 -31"><span class='ocrx_word' id='word_1_182' title='bbox 45 3121 125 3176; x_wconf 87' lang='lat' dir='ltr'>vero</span> <span class='ocrx_word' id='word_1_183' title='bbox 143 3097 204 3178; x_wconf 77' lang='lat' dir='ltr'>usu</span> <span class='ocrx_word' id='word_1_184' title='bbox 218 3121 256 3176; x_wconf 93' lang='lat' dir='ltr'>et</span> <span class='ocrx_word' id='word_1_185' title='bbox 277 3097 475 3202; x_wconf 89' lang='lat' dir='ltr'>potestate,</span> <span class='ocrx_word' id='word_1_186' title='bbox 499 3095 547 3176; x_wconf 93' lang='lat' dir='ltr'>de</span> <span class='ocrx_word' id='word_1_187' title='bbox 568 3097 683 3174; x_wconf 85' lang='lat' dir='ltr'>veteri</span> <span class='ocrx_word' id='word_1_188' title='bbox 704 3097 905 3175; x_wconf 89' lang='lat' dir='ltr'>multorum</span> <span class='ocrx_word' id='word_1_189' title='bbox 927 3121 1007 3196; x_wconf 12' lang='lat' dir='ltr'>&#39;vet-k</span> 
     </span>
     <span class='ocr_line' id='line_1_28' title="bbox 46 3195 1009 3316; baseline 0.006 -44"><span class='ocrx_word' id='word_1_190' title='bbox 46 3195 170 3280; x_wconf 84' lang='lat' dir='ltr'>borum</span> <span class='ocrx_word' id='word_1_191' title='bbox 184 3200 305 3304; x_wconf 89' lang='lat' dir='ltr'>pretio</span> <span class='ocrx_word' id='word_1_192' title='bbox 321 3219 359 3278; x_wconf 89' lang='lat' dir='ltr'>et</span> <span class='ocrx_word' id='word_1_193' title='bbox 386 3199 609 3316; x_wconf 74' lang='lat' dir='ltr'>originibus,</span> <span class='ocrx_word' id='word_1_194' title='bbox 635 3197 683 3276; x_wconf 90' lang='lat' dir='ltr'>de</span> <span class='ocrx_word' id='word_1_195' title='bbox 706 3203 775 3276; x_wconf 88' lang='lat' dir='ltr'>rite</span> <span class='ocrx_word' id='word_1_196' title='bbox 798 3197 1009 3284; x_wconf 80' lang='lat' dir='ltr'>utiltuenda</span> 
     </span>
     <span class='ocr_line' id='line_1_29' title="bbox 49 3298 1007 3405; baseline 0.003 -32"><span class='ocrx_word' id='word_1_197' title='bbox 49 3317 83 3373; x_wconf 87' lang='lat' dir='ltr'>er</span> <span class='ocrx_word' id='word_1_198' title='bbox 94 3299 352 3405; x_wconf 86' lang='lat' dir='ltr'>componenda</span> <span class='ocrx_word' id='word_1_199' title='bbox 369 3322 537 3380; x_wconf 76' lang='lat' dir='ltr'>oratione</span> <span class='ocrx_word' id='word_1_200' title='bbox 552 3298 648 3378; x_wconf 84' lang='lat' dir='ltr'>haud</span> <span class='ocrx_word' id='word_1_201' title='bbox 665 3299 768 3378; x_wconf 87' lang='lat' dir='ltr'>aliter</span> <span class='ocrx_word' id='word_1_202' title='bbox 782 3299 1007 3386; x_wconf 75' lang='lat' dir='ltr'>constiteris,</span> 
     </span>
    </p>
   </div>
   <div class='ocr_carea' id='block_1_14' title="bbox 47 3401 1179 3621">
    <p class='ocr_par' dir='ltr' id='par_1_16' title="bbox 47 3401 1179 3621">
     <span class='ocr_line' id='line_1_30' title="bbox 47 3401 1179 3506; baseline 0.005 -32"><span class='ocrx_word' id='word_1_203' title='bbox 47 3419 86 3475; x_wconf 85' lang='lat' dir='ltr'>ac</span> <span class='ocrx_word' id='word_1_204' title='bbox 112 3403 137 3481; x_wconf 81' lang='lat' dir='ltr'>st</span> <span class='ocrx_word' id='word_1_205' title='bbox 163 3405 298 3506; x_wconf 89' lang='lat' dir='ltr'>patriae</span> <span class='ocrx_word' id='word_1_206' title='bbox 316 3401 404 3480; x_wconf 87' lang='lat' dir='ltr'>lalus</span> <span class='ocrx_word' id='word_1_207' title='bbox 428 3402 483 3479; x_wconf 88' lang='lat' dir='ltr'>his</span> <span class='ocrx_word' id='word_1_208' title='bbox 509 3402 779 3505; x_wconf 87' lang='lat' dir='ltr'>quaestionibus</span> <span class='ocrx_word' id='word_1_209' title='bbox 804 3402 938 3480; x_wconf 79' lang='lat' dir='ltr'>criticis</span> <span class='ocrx_word' id='word_1_210' title='bbox 969 3423 1008 3480; x_wconf 90' lang='lat' dir='ltr'>et</span> <span class='ocrx_word' id='word_1_211' title='bbox 1037 3427 1039 3438; x_wconf 58' lang='lat'><em>*</em></span> <span class='ocrx_word' id='word_1_212' title='bbox 1099 3413 1110 3422; x_wconf 82' lang='lat'>&#39;</span> <span class='ocrx_word' id='word_1_213' title='bbox 1164 3421 1179 3435; x_wconf 86' lang='lat'>··</span> 
     </span>
     <span class='ocr_line' id='line_1_31' title="bbox 101 3501 1137 3621; baseline 0.001 -41"><span class='ocrx_word' id='word_1_214' title='bbox 101 3503 278 3583; x_wconf 86' lang='lat' dir='ltr'>mmaticis</span> <span class='ocrx_word' id='word_1_215' title='bbox 296 3501 548 3582; x_wconf 87' lang='lat' dir='ltr'>contineatur?</span> <span class='ocrx_word' id='word_1_216' title='bbox 574 3505 699 3598; x_wconf 82' lang='lat' dir='ltr'>Haec,</span> <span class='ocrx_word' id='word_1_217' title='bbox 719 3503 906 3621; x_wconf 78' lang='lat' dir='ltr'>inquiunt,</span> <span class='ocrx_word' id='word_1_218' title='bbox 920 3501 1008 3580; x_wconf 91' lang='lat' dir='ltr'>ideo</span> <span class='ocrx_word' id='word_1_219' title='bbox 1131 3573 1137 3581; x_wconf 91' lang='lat'>.</span> 
     </span>
    </p>
   </div>
   <div class='ocr_carea' id='block_1_15' title="bbox 43 3600 1105 3902">
    <p class='ocr_par' dir='ltr' id='par_1_17' title="bbox 43 3600 1105 3902">
     <span class='ocr_line' id='line_1_32' title="bbox 56 3600 1103 3710; baseline 0.005 -33"><span class='ocrx_word' id='word_1_220' title='bbox 56 3600 245 3708; x_wconf 87' lang='lat' dir='ltr'>uscipimus</span> <span class='ocrx_word' id='word_1_221' title='bbox 266 3627 304 3684; x_wconf 90' lang='lat' dir='ltr'>et</span> <span class='ocrx_word' id='word_1_222' title='bbox 324 3603 492 3682; x_wconf 81' lang='lat' dir='ltr'>fouemus</span> <span class='ocrx_word' id='word_1_223' title='bbox 508 3601 676 3698; x_wconf 77' lang='lat' dir='ltr'>consula,</span> <span class='ocrx_word' id='word_1_224' title='bbox 696 3629 778 3706; x_wconf 85' lang='lat' dir='ltr'>quta</span> <span class='ocrx_word' id='word_1_225' title='bbox 802 3629 913 3710; x_wconf 87' lang='lat' dir='ltr'>pura,</span> <span class='ocrx_word' id='word_1_226' title='bbox 934 3629 1010 3682; x_wconf 89' lang='lat' dir='ltr'>ma·</span> <span class='ocrx_word' id='word_1_227' title='bbox 1094 3622 1103 3636; x_wconf 77' lang='grc'><strong>“</strong></span> 
     </span>
     <span class='ocr_line' id='line_1_33' title="bbox 43 3697 1105 3902; baseline 0.005 -121"><span class='ocrx_word' id='word_1_228' title='bbox 43 3697 164 3795; x_wconf 56' lang='lat' dir='ltr'>stulu</span> <span class='ocrx_word' id='word_1_229' title='bbox 192 3703 344 3788; x_wconf 84' lang='lat' dir='ltr'>neruosa</span> <span class='ocrx_word' id='word_1_230' title='bbox 371 3726 410 3786; x_wconf 86' lang='lat' dir='ltr'>et</span> <span class='ocrx_word' id='word_1_231' title='bbox 434 3705 594 3886; x_wconf 41' lang='lat' dir='ltr'>metanda</span> <span class='ocrx_word' id='word_1_232' title='bbox 613 3706 736 3902; x_wconf 84' lang='lat' dir='ltr'>3oratio</span> <span class='ocrx_word' id='word_1_233' title='bbox 756 3705 1011 3884; x_wconf 48' lang='lat' dir='ltr'>mdibssveidr&#39;</span> <span class='ocrx_word' id='word_1_234' title='bbox 1101 3799 1105 3808; x_wconf 27' lang='grc'>1</span> 
     </span>
    </p>
   </div>
   <div class='ocr_carea' id='block_1_16' title="bbox 0 0 1234 4340">
    <p class='ocr_par' dir='ltr' id='par_1_18' title="bbox 0 0 1234 4340">
     <span class='ocr_line' id='line_1_34' title="bbox 0 0 1234 4340; baseline 0 0"><span class='ocrx_word' id='word_1_235' title='bbox 0 0 1234 4340; x_wconf 95' lang='lat' dir='ltr'> </span> 
     </span>
    </p>
   </div>
  </div>
 </body>
</html>
