2482 4340
41 833 43 874 ῑ
131 841 151 880 υ
256 813 374 888 riaet

171 201 174 208 ·
254 228 329 314 ⁵⁶⁶.
455 277 462 330 Ι.
574 211 887 312 novumn

201 455 224 474 t.
310 403 372 484 Dc
396 401 453 482 his
477 399 672 490 omnibus,
696 425 790 506 quae
820 370 993 496 dbrimus,
1020 425 1113 482 cum
1150 403 1221 482 sati

256 503 388 584 facium
410 501 497 584 ess'et
516 505 766 608 magistrorum
783 503 924 596 ordini,
947 505 1154 602 exploratio
1177 529 1221 583 ttr

250 609 418 706 priuato,
436 629 546 709 quam
559 606 701 706 publica
726 603 877 708 petitori
895 601 1104 682 sustinenda
1130 631 1217 683 err·

257 707 386 786 eadem
413 731 460 784 ue
475 705 685 785 seueriffitna
704 705 862 784 Primum
876 731 921 783 ex
935 727 1084 811 promta
1094 733 1217 785 ment·

386 733 495 886 tbacili
515 808 637 910 lingua
661 805 707 886 ad
728 807 956 910 quaestiones
982 805 1219 886 subtiliflirnt

283 935 345 987 uas
375 907 503 1011 finguli
527 909 683 1012 magistri
704 908 915 1012 congregati
941 909 1218 1086 {oroponeban

145 1045 148 1056 ·
251 937 502 1100 ,dissoluendae
516 1034 638 1088 erant:
664 1009 801 1087 deinde
814 1011 852 1095 in
867 1009 944 1114 pub
959 1011 1051 1087 icam
1077 1011 1219 1090 deduce

257 1113 361 1191 batur
378 1137 521 1190 arenam
539 1133 646 1215 atque
660 1111 709 1190 de
722 1109 936 1213 quaestione
948 1137 967 1189 a
980 1113 1169 1213 magistris
1184 1115 1220 1190 de

142 1298 158 1308 ἢ
198 1271 201 1284 ,
256 1214 347 1290 ledia
381 1236 509 1292 contra
554 1215 678 1292 uosuis
702 1211 947 1290 diss'entientes
974 1235 1014 1292 et
1039 1211 1221 1296 contraite

257 1315 401 1396 aientes
415 1235 616 1394 defendere
639 1314 849 1420 cogebatur.

307 1517 424 1618 Euge!
441 1514 615 1595 eludatur
629 1517 718 1610 iant,
739 1538 800 1596 tot
814 1511 1091 1596 difficultatibus
1108 1521 1220 1598 exhau-

255 1617 329 1711 stis,
343 1617 556 1696 candidatus
569 1617 701 1696 noster.
753 1616 888 1696 Probat
901 1620 1214 1722 venerabilisntagi

254 1719 412 1796 strorum
421 1719 517 1813 ordo
533 1720 692 1798 hominis
708 1718 896 1796 confilium
910 1725 1019 1822 atque
1032 1724 1210 1801 carceribr

148 1843 153 1851 ¹
257 1819 359 1898 stadii
375 1821 517 1898 reclufis
531 1824 724 1900 decurrere
737 1819 851 1926 ipsum
870 1825 975 1899 omni
990 1823 1126 1902 virium
1147 1845 1203 1900 coa

257 1923 426 2000 tentione
448 1923 571 2022 iubet,
596 1923 826 2008 domiturea
845 1921 1012 2024 potiatur
1025 1919 1204 2022 Theodoti

257 2047 316 2113 ca,
341 2047 450 2126 quam
465 2047 577 2128 optat
630 2027 747 2100 Nouo
762 2027 832 2100 iam
847 2025 1004 2102 nomine
1019 2025 1069 2102 de
1088 2047 1213 2103 cetero

140 2208 143 2220 .
246 2147 336 2210 ‚rum
356 2123 575 2220 studentium
599 2124 703 2203 turba
730 2123 923 2208 eximitur:
961 2121 1102 2207 Dicitur
1119 2124 1210 2198 otim

257 2227 464 2326 Praeceptor
491 2225 529 2300 in
554 2224 766 2324 molegio,
800 2226 976 2327 quoniam
1004 2219 1208 2330 incipiendus

187 2345 191 2367 ⁴
256 2322 320 2430 ipst
335 2324 388 2402 est
403 2323 537 2432 longus
551 2325 613 2404 ille
629 2349 667 2405 et
680 2325 933 2406 formidandus
948 2325 1085 2426 Cursus,
1096 2323 1156 2428 qut
1166 2317 1210 2400 td

165 2446 167 2463 “
197 2426 201 2442 ’
256 2426 464 2514 cathedram
485 2425 727 2531 superiorem,
750 2429 795 2505 ad
818 2430 1043 2518 honoreset
1062 2427 1215 2546 toruo(

254 2527 383 2621 dotis,
409 2529 520 2608 ducit.
595 2527 723 2630 Curstts
745 2529 934 2609 dicebatur
947 2531 1142 2610 maioribus
1153 2547 1203 2604 no

111 2660 118 2686 ¹
255 2629 332 2708 stris
354 2651 501 2733 tempus
533 2627 640 2719 illud,
666 2631 770 2733 quod
805 2631 962 2734 primurn
997 2627 1195 2730 Theolog‘o

115 2783 118 2792 ,
138 2773 158 2814 f
256 2729 405 2830 gradum
421 2737 610 2836 appetenti
625 2731 663 2810 in
677 2733 780 2810 variis
793 2730 1121 2812 exercitationibus
1138 2749 1193 2810 ou

254 2832 471 2911 sumendum
494 2855 588 2926 erat,
614 2833 812 2938 exquibus
837 2858 922 2912 cunr
945 2835 1132 2936 Magistri,

255 2931 415 3011 uniuersa
454 2933 672 3026 Academia,
700 2933 927 3038 cognoscere
965 2933 1165 3040 poffet‚fo

254 3057 295 3111 vt
310 3033 487 3113 Docioris
497 3059 638 3114 nornen
653 3033 847 3140 aliquando
855 3053 939 3116 curn
948 3035 1106 3116 laude‘ct

92 3139 121 3202 .'
254 3131 472 3216 discentium
485 3137 647 3240 gestaret.
729 3137 832 3218 Hinc
846 3137 1024 3225 laniones,
1049 3135 1167 3241 quae'

200 3302 205 3311 .
253 3235 368 3340 spatio
376 3237 621 3324 habebantur,
650 3237 833 3338 Cursoriar
847 3236 1072 3320 dicebantur.
1145 3239 1178 3315 N

254 3365 340 3417 rnen
363 3339 439 3418 hoc
460 3339 558 3444 apud
574 3339 799 3441 Theologos
813 3339 1097 3426 adnuerestare,
1120 3363 1164 3417 no

253 3461 292 3517 et
304 3442 355 3521 rei
372 3440 477 3544 ipfius
492 3440 655 3518 umbram
677 3439 868 3556 quamdam
891 3442 979 3520 licet
1000 3439 1164 3522 leviffima

253 3563 288 3618 at
315 3543 534 3644 potestatem
562 3541 724 3622 nominis
751 3541 909 3620 amissum
933 3543 1009 3622 fe'rc
1028 3541 1120 3636 estc,

254 3665 347 3724 mur.
397 3641 525 3742 Cursus
536 3641 620 3734 iste,
644 3667 754 3748 quent
771 3641 948 3738 diximus,
967 3669 1045 3722 non
1062 3643 1135 3750 aliq

255 3763 295 3820 vt
317 3741 432 3822 hodie
453 3743 552 3850 apud
574 3769 665 3840 nos,
689 3741 841 3836 diebus,
864 3769 947 3830 noo
965 3745 1105 3854 aliquot
1125 3769 1157 3926 ¹}
1177 3809 1178 3814 i
