2458 4340
675 80 680 130 ,
783 56 788 67 .

7 335 9 344 ,
125 201 398 357 ῐΝΡΑΤκῐΑ
415 237 632 380 unsrun
645 245 944 328 auserunt.
959 269 1039 349 3312

51 437 329 526 auitussermo‚
359 428 535 510 eamdem
547 427 701 526 nitoris,
729 427 920 525 ubertatis,
950 453 1035 534 per.

48 539 269 650 spicuitatis,
302 531 488 634 dignitatis
507 532 672 626 laudern,
704 557 812 634 quam
833 553 1037 610 eumarum
1067 534 1071 545 ’

46 640 292 749 quarumdam
309 634 473 738 gentium
489 631 633 736 linguae
645 633 775 712 nadre
787 633 886 728 sunt,
910 629 1043 715 sensim

45 741 283 848 adipiscator;
316 733 541 838 erepublica
555 733 644 824 ell'e,
673 759 715 812 vt
727 736 898 826 rationis,
922 730 1040 810 virtu-4

45 849 113 936 tis,
133 838 326 946 sapientiae
338 858 550 942 praecepta,
578 835 844 953 disciplinarum
859 836 1042 915 humanae

7 989 9 996 ·
46 948 151 1024 vitae
175 935 464 1020 conducentium
485 936 609 1026 initia,
635 939 701 1016 alra
722 939 811 1016 item
838 961 934 1040 quae
959 937 1037 1012 viru

7 1047 8 1052 ‘
49 1044 197 1146 ingenii
222 1041 400 1132 excitant,
429 1064 553 1117 mores
579 1061 814 1159 componunt
840 1061 879 1116 et
909 1059 1038 1114 emen·
1150 1053 1155 1058 ’

50 1147 167 1227 dant,
192 1141 339 1234 vincula>
355 1140 537 1220 societatis
556 1159 748 1233 muniunt,
780 1140 862 1220 otio
883 1135 1040 1217 honeste

48 1270 92 1326 et
118 1241 300 1324 fructuose
323 1239 487 1322 sallendo
513 1245 697 1320 materiam
719 1241 970 1348 suppeditant,
998 1257 1042 1332 vt
1153 1257 1157 1276 ’

47 1353 147 1430 haec
169 1343 292 1422 omnia
313 1365 352 1421 et
372 1365 529 1448 cognata
545 1343 614 1422 illis
628 1345 693 1422 alia
706 1347 924 1449 germanicia
937 1340 1038 1419 litte-

47 1451 121 1535 n's,
147 1471 269 1548 neque
283 1445 412 1548 inepte
424 1469 466 1522 ac
481 1444 733 1550 negligenter,
758 1445 822 1524 sed
837 1439 1039 1548 quamfieri
1101 1467 1104 1476 ’

48 1547 178 1670 potest
199 1569 384 1642 accurate,
414 1568 623 1642 aromate,
650 1549 886 1626 mandentur:
915 1546 1041 1636 Haec,
1099 1625 1103 1634 ,

48 1671 227 1754 anquam,
253 1645 450 1754 stposcunt
463 1646 528 1728 fiai
544 1650 705 1730 concedi
747 1675 820 1728 nec
833 1647 951 1726 verbis
965 1669 1074 1724 nee*
1162 1665 1164 1672 ‘

50 1750 277 1856 argumentis
299 1748 507 1853 apud'nos,
533 1771 592 1851 vt,
618 1705 725 1853 quotl
744 1750 877 1828 volunt
891 1749 1040 1826 obtine·

51 1879 134 1940 ant,
161 1875 257 1956 opus
277 1853 341 1930 est.
391 1853 567 1946 Valeant,
589 1877 755 1956 quorum
774 1851 888 1932 aciem
904 1853 1040 1928 Roma·

54 1959 92 2034 ni
109 1952 288 2032 sennonis
312 1951 477 2042 maiestas
499 1953 594 2033 adeo
615 1953 862 2058 praestringit,
887 1972 927 2032 vt
951 1949 1045 2028 nihil

54 2055 239 2148 honeste,
271 2055 427 2158 grauiter
469 2055 627 2142 decore,
668 2053 733 2132 nist
764 2055 893 2147 latine,
914 2051 1042 2131 ·scribi
1073 2062 1111 2118 ἃ
1170 2051 1173 2056 ’

55 2157 159 2262 posse
175 2177 319 2259 putent.
370 2157 540 2260 Qrorum
556 2179 741 2250 errorem,
767 2179 809 2233 vt
853 2177 951 2234 ctera
973 2157 1041 2232 mi-

30 2283 124 2337 =nus
138 2255 288 2336 serenda
301 2277 460 2354 taceamj
485 2257 524 2336 id
539 2283 652 2338 vnum
667 2181 851 2336 intuleras

7 2373 9 2392 ³
62 2358 132 2450 dit,
158 2355 261 2461 quod
275 2383 343 2463 per
355 2383 440 2438 euru
454 2359 606 2438 maxima
620 2385 702 2464 pars
716 2359 948 2463 popularium
966 2381 1038 2434 no-
1066 2395 1087 2445 ·,

61 2457 234 2552 sitorum,
258 2460 379 2578 Latini
401 2460 539 2564 quippe
560 2459 736 2538 sennonis
759 2461 884 2552 inscia,
909 2459 1041 2537 multa·

850 2258 936 2335 ileru
952 2254 1041 2334 ted·
1077 2265 1078 2270 '
1143 2264 1146 2280 '

7 2615 8 2624 t
59 2581 143 2636 runt
159 2583 273 2638 renrm
289 2583 511 2663 optimarum
527 2583 566 2639 et
578 2561 832 2640 utilissimarum
852 2557 1039 2679 cognitio-
1171 2573 1175 2590 ‘

58 2685 109 2739 ne
124 2659 339 2764 iniquiffime
355 2662 593 2742 interdicitur.
650 2662 800 2739 Abeant
814 2661 928 2751 etih,
941 2682 1040 2763 quos
1163 2699 1165 2706 ψ

60 2761 154 2842 adeo
170 2763 322 2866 ignauos
336 2785 374 2842 et
391 2763 584 2842 illiberales
600 2761 671 2842 esse
688 2763 803 2854 iuuat,
827 2785 888 2848 vt,
908 2757 1039 2863 siquid

62 2867 265 3044 ¹glpurpranice
282 2865 359 2943 saue·
377 2889 467 2956 ore,
489 2864 563 2944 fiue
575 2863 717 2942 calamo
736 2861 962 2942 efferendum
978 2859 1040 2954 stt,
1099 2949 1103 2968 ἱ

64 3068 141 3166 gata
157 2965 1041 3170 lllulfbl‘llldlsslltllllfflrla
1093 3163 1097 3176 ,

7 3167 9 3182 ’
67 3165 184 3263 ducit,
209 3169 474 3248 enuntiandum
538 3167 807 3248 econfirment.
863 3165 1041 3274 Qrasrvt-

69 3287 107 3342 to
121 3269 173 3349 sas
187 3267 246 3358 sit,
273 3271 487 3365 hominem,
515 3271 577 3390 qui
591 3269 897 3375 dodorispublici
912 3267 1040 3374 perso·

7 3397 8 3408 Ν
69 3369 360 3466 namsrbisumit‚
387 3370 460 3450 ital
515 3371 792 3464 uretscribere,
816 3393 857 3448 vt
876 3371 1042 3450 barbarie
1102 3440 1107 3448 .
1150 3355 1195 3470 ¹*

66 3464 296 3552 suadiscendi
311 3474 503 3578 cupidoaa
530 3474 695 3568 sterrcat,
719 3471 943 3577 fibiqueipse
963 3495 1040 3550 rna·
1103 3511 1107 3538 ι

67 3570 161 3668 gistri
180 3575 305 3654 stolidi
321 3599 359 3654 et
375 3577 534 3682 imperiti
549 3599 690 3654 nomen
711 3573 884 3677 adquirat
934 3575 1042 3654 Haec
1107 3567 1111 3584 '
1153 3575 1158 3609 '
1208 3584 1221 3616 ’κ

66 3692 216 3777 nempe,
240 3677 500 3798 quodpaucos
512 3679 685 3784 ignorate¹
695 3676 869 3765 arbitror,
891 3675 1037 3756 incom·

7 3835 8 3844 t
54 3773 175 3936 'moda
189 3781 332 3862 etmala
346 3779 519 3922 istasunt,
545 3803 641 3886 quae
656 3779 861 3885 negledam
878 3781 1043 3956 planqnqt
1163 3829 1166 3838 ‚
