2538 4368
200 347 310 436 μ,
466 291 955 452 connnnunrro
1039 399 1042 407 ,
1159 431 1163 436 ¹

96 497 100 508 ’
225 504 320 598 sunt,
344 523 385 581 vt
405 504 567 604 negent,¹
586 500 780 602 quosdam,
803 525 870 579 eos
891 497 1050 587 scilicet,
1075 497 1218 604 quibus

227 629 290 684 aut
311 603 458 682 liberale
479 603 668 706 ingenium
690 602 847 704 obtigit,
874 626 936 680 aut
958 602 1090 680 mentis
1113 603 1221 683 acies

228 707 302 789 saue
320 710 393 783 Dei
407 701 528 808 ipsius,
554 703 625 782 fiue
639 703 759 782 tedae
773 705 924 782 rationis
945 703 1127 784 beneficio
1151 731 1248 797 cu-,

227 832 303 890 rata
319 808 385 893 est,
407 807 497 883 tanti
513 805 590 882 vitii
605 828 777 910 expertes
801 804 888 882 esse:
912 831 1129 908 quamquam
1147 807 1231 886 hos

229 910 347 1016 ips08,
372 906 398 984 st
419 933 502 984 curn
524 907 671 1009 reliquis
698 929 978 1010 comparentur,
1007 933 1228 1012 perpaucos

230 1011 328 1098 esse,
360 1005 603 1086 contendunt.
678 1010 752 1084 iam
779 1031 897 1083 utrum
921 1033 1007 1086 vere
1031 1007 1078 1084 fic
1099 1009 1225 1086 caristi-

228 1136 348 1198 ment,
373 1137 419 1186 an
440 1110 539 1188 vanis
557 1131 595 1188 et
607 1109 774 1188 inanibus
791 1105 869 1187 vifis
883 1109 1125 1214 decipiantur,
1152 1135 1222 1190 ex-

232 1216 430 1324 ploremus.
480 1283 488 1295 ,
948 1301 951 1308 ¹

284 1319 312 1391 E
339 1341 378 1400 o,
403 1333 444 1390 vt
455 1309 559 1414 quod
573 1309 704 1398 sentio,
729 1312 846 1390 statim
863 1311 1034 1418 aperiam,
1061 1309 1123 1388 etst
1140 1337 1223 1390 ma-
1264 1403 1266 1416 Ι

230 1340 370 1498 nisebis
385 1412 590 1490 animorum
603 1413 742 1490 morbis
756 1436 931 1514 patronus
950 1411 1067 1492 adesse
1081 1412 1226 1504 nolim,

231 1528 305 1597 ne'c
317 1517 356 1593 in
371 1515 517 1600 ordine,
541 1515 600 1592 cui
614 1513 688 1618 ipse
698 1513 995 1619 adscriptussum,
1021 1515 1226 1618 iurequae·

232 1620 358 1697 dama
381 1617 465 1693 viris
482 1615 745 1719 perspicacibus
770 1615 974 1704 denderari,
999 1611 1223 1694 dissimulare

232 1721 359 1806 velim,
386 1720 545 1796 Onrvn
569 1717 659 1796 illud
681 1720 1048 1803 Tnaoaoorcrn,
1070 1717 1221 1819 dequo

231 1845 308 1901 tam
331 1820 464 1897 multus
483 1817 601 1896 sermo
622 1819 721 1905 fluit,
757 1843 837 1896 non
863 1820 991 1924 culpae
1014 1817 1225 1908 cuiusdam,

231 1948 314 2002 non
328 1919 582 2009 institutionis,
607 1945 687 1998 non
703 1919 813 2024 ipfius
829 1919 991 2024 denique
1006 1918 1094 1997 disci
1123 1920 1224 1998 linae

232 2025 390 2109 nostrae,
418 2019 481 2098 sed
507 2022 682 2099 humanae
704 2046 855 2101 naturae
878 2025 1073 2100 delisiume
1102 2047 1135 2108 e,
1161 2025 1224 2099 iu-

202 2143 213 2158 ⁸
234 2125 338 2211 dico,
363 2147 435 2199 nec
448 2120 619 2200 rabiostus
636 2147 707 2199 nos
721 2123 840 2202 facere
856 2123 1006 2226 aliquid,
1030 2149 1136 2225 quam
1156 2122 1225 2202 aii-

234 2251 293 2314 os,
318 2225 382 2330 qui
403 2223 468 2301 sibi
493 2223 604 2326 magis
627 2224 794 2312 student,
820 2251 928 2328 quam
953 2227 1059 2310 Deo,
1085 2225 1222 2304 statuo.

233 2335 289 2408 At
311 2327 488 2430 quoniam
515 2325 638 2403 nullos
659 2326 772 2429 magis
793 2324 980 2406 dedecent
995 2324 1221 2414 inimicitiae,

234 2456 346 2543 quam
364 2453 444 2512 eos,
471 2449 566 2529 quos
587 2425 730 2504 diuinus
747 2427 925 2530 magister,
950 2426 1118 2528 idemque
1130 2425 1222 2506 reii-

146 2553 151 2572 ⁸
184 2529 187 2546 ¹
235 2533 358 2636 gionis
372 2529 545 2634 princeps
562 2549 600 2604 et
618 2529 755 2616 audior,
775 2530 1024 2632 placabilitatis
1041 2551 1078 2606 et
1092 2529 1228 2607 carita-

236 2637 283 2712 tis
298 2658 375 2709 non
391 2652 584 2732 praecepta
598 2627 726 2719 solum,
751 2653 876 2709 verum
900 2636 1009 2708 etiam
1025 2629 1230 2734 specimina

238 2734 405 2816 fratribus
419 2730 761 2836 suppeditareiussit,
786 2729 1082 2834 ideogtauiffime
1100 2733 1231 2810 omni·
1264 2731 1265 2807 i

234 2863 299 2918 um
322 2856 511 2938 aegrotare
534 2857 573 2912 et
591 2831 685 2909 sellis
713 2833 775 2909 vni
797 2835 964 2911 omnium
979 2831 1136 2910 ditissimi
1150 2831 1232 2911 esse

236 2939 420 3023 videmur,
445 2959 556 3038 quum
571 2934 607 3010 in
623 2934 746 3011 hostes
761 2933 1074 3038 molimutaliquid
1088 2933 1232 3013 mode-

237 3039 325 3116 stiae
342 3061 381 3118 et
395 3035 566 3138 aequitati
579 3059 703 3136 parom
715 3059 935 3138 congruens.
986 3035 1234 3126 Addantalii,

121 3156 131 3181 Χ
237 3142 371 3242 quibus
386 3136 630 3216 commodum
646 3136 712 3220 est,
742 3136 823 3214 alias
846 3137 991 3216 caussas:
1016 3137 1236 3234 sumerum,

238 3239 623 3344 nistmefailitopinio,
649 3239 1230 3343 praeterhancprincipemaliae:

237 3363 328 3443 quas
344 3341 508 3443 quidem,
535 3363 585 3416 ne
600 3338 663 3416 illo
678 3336 770 3442 ipso,
795 3341 899 3442 quod
911 3340 1144 3444 profligatum
1159 3363 1234 3417 cu·
1263 3411 1264 3444 p

238 3443 331 3550 pio,
355 3441 474 3530 odio,
504 3441 631 3522 ardere
655 3421 853 3546 pauisulum
877 3441 1026 3528 videar,
1053 3437 1236 3520 consulto
1263 3455 1264 3470 ¹

115 3625 120 3647 Ι,
201 3605 203 3615 .
238 3543 503 3652 praetermitto.
579 3541 729 3620 Vtinam
751 3567 799 3620 ne
819 3545 914 3622 hanc
929 3542 1158 3636 sententiam,
1186 3543 1236 3622 in

268 3671 349 3723 uam
378 3669 457 3720 non
488 3643 552 3724 nist
573 3643 670 3722 bene
693 3639 862 3723 subdusia
885 3647 1027 3724 ratione
1050 3641 1237 3748 ingressus

239 3669 331 3834 sum,
356 3745 432 3825 aliis
447 3745 571 3824 frustra
585 3744 799 3847 persuadete
817 3751 947 3824 coner!
999 3749 1097 3824 Nam
1118 3745 1237 3852 ipsius

240 3849 426 3956 religionis
446 3847 664 3954 digraitatena
688 3847 762 3932 hoc
780 3847 965 3956 postulare
987 3845 1158 3934 arbitror,
1187 3873 1236 3928 vt

286 3985 301 3996 ··
397 4002 399 4014 «
472 3969 474 3978 ‘
1001 3945 1239 4040 obsistamus,
