2422 4798
85 710 88 715 .
195 597 339 681 xliv.
512 562 861 681 araerarro.
919 588 937 715 ᾗ

194 776 542 889 αληθὲιᾳμᾱᾱίωιῃ
560 781 623 882 sit,
653 780 852 896 quodque
866 807 952 887 vos,
983 807 1065 895 qua
1082 782 1171 869 estis

225 886 452 979 rouidentia
487 895 696 999 omifistiS,
732 889 879 1005 quaeso
915 892 1179 1005 perpendite..

56 1056 62 1072 2
242 1034 352 1091 onne
366 1004 467 1090 illud
481 1007 667 1119 primum
683 1008 923 1118 requiritur,
958 1030 1003 1089 vt
1018 1030 1182 1095 attente·
1192 1068 1206 1119 .·

164 1136 170 1177 ¹
194 1144 237 1203 et
260 1114 434 1203 discendi
456 1115 586 1202 studio
599 1117 749 1201 incenli
768 1113 990 1201 auscultent
1011 1116 1173 1205 diuinas

192 1229 507 1341 christianorum
528 1227 675 1313 litteras
704 1229 924 1334 docentes,
968 1251 1102 1341 vtque
1121 1226 1173 1317 se·

194 1368 294 1427 men
314 1342 396 1429 hoc
424 1336 567 1425 efficax
595 1343 739 1455 animis
775 1337 863 1438 suis,
880 1344 1084 1425 committi
1105 1370 1174 1456 pa·

193 1455 371 1557 riantur,
414 1480 491 1537 nec
513 1450 652 1537 oculos
675 1451 774 1537 lucis
797 1453 916 1537 radiis
932 1450 1177 1541 occludunt:

190 1564 273 1651 hoc
291 1588 428 1651 autem
448 1566 519 1649 vix
571 1567 653 1649 rius
667 1561 912 1678 sperandum
929 1565 1003 1668 est,
1039 1592 1172 1677 quam

190 1676 409 1789 magnifice
441 1674 493 1761 de
553 1679 652 1761 iuini
684 1677 798 1763 verbi
831 1675 1104 1790 praeconibus
1130 1700 1185 1763 et

187 1785 269 1902 ipsa
306 1786 473 1874 illorum
510 1786 693 1875 doctrina
734 1784 877 1873 sentire
918 1790 1171 1917 inceperint,

188 1926 380 2011 quoscun
412 1926 464 1983 uc
487 1927 612 2012 praua
642 1895 827 1987 nascendi
855 1897 936 1984 sors
964 1898 1110 1984 alienos
1140 1927 1168 1985 a

190 2009 307 2098 sacris
331 1926 474 2097 nodus
497 2008 629 2098 efficit.
715 2013 807 2126 Qia
829 2038 928 2095 vero
950 2040 1018 2113 rc,
1035 2008 1038 2013 ’
1056 2036 1166 2122 rogo

191 2150 297 2229 vos,
335 2122 620 2226 adducentur,
665 2148 711 2208 vt
731 2125 920 2209 homines
944 2123 1014 2207 fibi
1045 2121 1171 2235 plane

188 2238 379 2349 ignotos,
417 2263 465 2321 ac
480 2262 571 2320 eam
587 2232 839 2348 sapientiam,
874 2238 988 2320 cuius
1004 2228 1172 2346 prorsus

189 2372 379 2463 expertes
406 2344 524 2451 sunt,
566 2346 888 2456 quodammodo·
907 2370 1173 2431 venerentur.

189 2460 311 2561 Num
332 2463 478 2573 pietate
497 2454 604 2543 forte
630 2486 802 2564 eorum,
844 2462 917 2571 qui
947 2480 1000 2543 ex
1020 2458 1174 2543 nostris

187 2570 241 2657 nd
261 2599 332 2655 eos
349 2572 537 2681 quaestus
550 2570 677 2655 caulla
694 2569 993 2683 commigrant?
1030 2568 1173 2657 Hem!

188 2678 412 2796 suspefilam
435 2681 561 2767 fidem
583 2683 763 2767 nostram
786 2708 825 2767 et
847 2710 978 2799 prope
1001 2678 1167 2779 exosam

188 2794 506 2907 Europaeorum
529 2818 698 2905 gentem
719 2800 850 2907 (quos
871 2793 982 2879 Bran
1014 2822 1057 2879 os
1082 2816 1168 2879 eor·

157 2976 167 2987 .
189 2931 330 3020 rupte,
356 2930 402 2991 vt
416 2905 551 2991 iudico
569 2932 646 3017 pro
662 2906 835 2991 Prolatos
858 2820 1093 3019 appelfant)
1114 2900 1186 2991 fa·.

191 3016 300 3103 clani
328 3016 403 3105 illis
430 3016 508 3101 elle
536 3022 778 3131 accepimus,
861 3018 942 3103 Sed
968 3016 1173 3103 nolumus

189 3131 290 3217 huic
311 3129 403 3216 loco
432 3127 581 3214 diutius
610 3133 848 3233 immorari,
891 3130 1173 3260 nequeenim
1206 3212 1209 3217 .

189 3270 264 3327 vos
296 3242 369 3356 ipsi
393 3240 552 3327 frudtus
580 3271 602 3328 a
625 3246 740 3327 terris
768 3243 906 3327 vestris
934 3240 1006 3327 msr
1026 3236 1170 3323 semen

189 3359 436 3467 receperint,
464 3378 505 3438 et
520 3353 606 3437 sinu
622 3353 722 3441 illud
734 3352 922 3459 foueant,
952 3352 1170 3467 requisitio,

190 3490 231 3550 et
256 3468 369 3553 milla
391 3464 588 3551 faciemus
616 3465 716 3551 haec
741 3469 883 3570 etiam,
929 3490 1032 3577 quoe
1049 3486 1170 3576 quo·

187 3577 366 3662 tundam
381 3577 500 3690 culpa
515 3578 749 3662 nostrorum
764 3578 986 3662 hominum
1001 3572 1167 3661 obicem

187 3688 463 3775 emendationi
484 3687 647 3773 illorum
667 3714 852 3802 ponunt,
886 3714 926 3773 et
943 3682 1169 3773 difficiliora

189 3798 312 3903 mala,
349 3828 455 3913 quac
478 3796 637 3886 miseras
662 3804 843 3886 nationes
862 3822 1090 3915 premunt,
1122 3818 1170 3881 ct
1195 3812 1201 3823 ’

188 3940 210 3997 a
253 3908 374 3995 salute
413 3911 580 4026 longius⁴
614 3937 858 4018 remouent,
904 3909 1172 3997 lustrabimus

186 4022 427 4135 paullulum.
514 4024 632 4140 Qne
652 4028 810 4115 vtinam
833 4024 997 4115 nullum
1020 4020 1095 4117 hic¹
1111 4018 1173 4107 lo

188 4162 286 4223 cum
303 4136 552 4225 inuenircnt!
1087 4244 1119 4333 P
1148 4250 1156 4267 ·

1121 4278 1188 4333 ri·
