2434 4418
218 353 220 362 “
260 373 440 497 monor
467 315 543 452 nr
565 370 766 458 Ntntro.
908 307 1063 477 ¹1⁶ss

36 549 244 659 sotlesfier'i
256 557 352 636 dotet
364 555 506 660 aliquit!
517 583 563 634 ex
573 583 640 634 non
656 579 748 642 ente,
772 541 837 633 non
855 557 913 639 ito
924 561 1005 662 qni.
1062 565 1064 570 ·
1083 527 1112 591 ”

2 717 4 748 t
41 657 342 836 opidimplicittro
348 655 420 756 sed
438 682 504 734 non
520 681 599 736 ente
610 678 679 760 per
692 657 857 735 accidens.
879 669 894 708 ²
952 664 1006 738 At

41 783 97 836 tee

37 862 240 954 adnotatione
253 857 407 938 adhunc
425 861 534 938 lorum
548 845 622 938 fine
638 858 868 938 dubitatione
881 853 1004 961 n'egat,
1111 897 1115 908 ·

35 959 68 1038 de
80 961 271 1060 creatione
286 986 331 1038 ex
345 958 464 1038 nihilo
482 962 521 1040 in
536 987 585 1040 eo
600 960 805 1040 sermonem
822 959 913 1047 else,
932 965 1013 1038 Xe-'

33 1088 234 1164 tremorque
253 1062 331 1140 vult
351 1062 388 1140 id
407 1085 548 1140 tontum
563 1061 743 1155 docuisse,
772 1061 875 1164 quod
898 1062 1002 1140 multi

124 759 280 838 errimus
302 761 409 838 errr
431 759 577 850 editor,
628 762 681 836 lo.
708 761 795 836 Ano.
814 761 1004 840 Pnnntctvo
1049 813 1052 824 ·
1136 807 1142 814 -
1214 785 1215 794 ¹

33 1165 75 1240 tlii
96 1165 329 1278 tradiderunt
350 1161 587 1267 philosophi,
626 1190 739 1267 quum
764 1165 923 1268 gignitur
941 1164 999 1240 oli·
1111 1247 1118 1264 x
1214 1139 1215 1148 i

32 1269 114 1364 quid,
138 1271 221 1346 iem
239 1287 397 1368 genitam
415 1265 452 1345 id
465 1264 562 1352 fieri,
586 1265 690 1367 quod
709 1289 813 1344 antea
826 1290 906 1342 non
923 1263 1001 1344 filet
1089 1279 1092 1287 ’

31 1369 85 1454 rit,
106 1393 296 1472 quumque
313 1366 447 1444 accidit
464 1367 611 1445 viciffim
625 1391 683 1445 res
698 1366 895 1470 quaedom3
922 1391 1002 1444 eam

31 1471 117 1546 aliam
135 1472 250 1574 plone
274 1490 437 1546 noturom
458 1467 620 1546 induere.
688 1473 781 1546 Non
803 1469 896 1554 male
914 1489 1001 1545 cen-

30 1566 94 1662 suit,
115 1575 171 1652 vir
188 1573 439 1670 egregiuszet
453 1593 511 1648 res
526 1567 597 1673 ipsa
611 1568 745 1658 docet,
766 1569 815 1648 de
830 1595 914 1648 ortu
929 1595 1000 1647 mo·
1048 1629 1060 1639 ,.
1112 1592 1116 1600 ’
1213 1655 1215 1674 ⁴

33 1675 122 1752 ttrite
143 1673 240 1752 nihil
263 1673 339 1748 hoc
363 1671 458 1775 opud
482 1673 627 1749 errvn
653 1671 742 1748 loco
757 1673 901 1772 quaeri,
938 1673 1001 1774 qui
1086 1724 1090 1744 .

33 1773 66 1846 de
81 1799 166 1853 noto
185 1773 260 1850 veri
275 1771 431 1873 disputat
451 1795 489 1850 et
506 1775 730 1874 Logicorum
750 1772 931 1850 scientiam
947 1775 999 1852 lu-

32 1873 121 1954 bricis
141 1877 214 1954 niti
239 1873 486 1952 fundamentis
510 1871 648 1952 docete
662 1872 794 1951 studet
859 1878 1000 1952 Nume-
1067 1879 1070 1889 '

30 1997 109 2054 retur
128 1985 318 2058 Xentnoes'
338 1977 376 2052 in
397 1977 466 2052 illis
482 2000 501 2050 a
516 1976 659 2061 erro,
685 1973 748 2077 qui
770 1998 884 2052 omne
905 1974 999 2052 iudi·
1076 1971 1079 1980 ’

3 2130 4 2159 t
30 2077 131 2172 cium,
164 2101 300 2156 omnes
313 2077 388 2154 veri
404 2101 441 2154 et
455 2073 525 2154 salsr
541 2099 664 2168 notos,
694 2099 846 2153 omnem
864 2099 999 2152 certam

30 2181 282 2277 cogitationem
312 2177 555 2256 sustulerunt:
594 2203 703 2280 quem
728 2201 806 2278 quo
837 2173 999 2256 tue‘rerur

3 2346 5 2367 s
33 2275 249 2372 lomenti-om,
278 2277 393 2358 sertor
407 2281 451 2358 ab
466 2277 601 2358 eodem
616 2279 795 2373 docuisse,
821 2305 866 2358 ex
881 2281 999 2372 rebuS,

3 2418 4 2490 3
30 2401 117 2478 qnae
130 2405 203 2458 non
217 2381 324 2472 sunt,
356 2379 435 2458 heri
449 2403 487 2460 et
502 2381 602 2486 gigni
616 2381 740 2460 omnio
757 2404 795 2458 et
807 2407 901 2483 quae
917 2406 999 2485 per-

3 2550 4 2564 ,
29 2503 111 2557 eunt
133 2481 279 2560 vicissim
303 2483 548 2584 morengi,
577 2507 771 2585 quoenon
792 2479 882 2562 sont,
962 2481 999 2560 Si

2 2578 95 2690 phac
111 2583 337 2661 insenrentio
363 2619 413 2666 te
438 2620 485 2684 μη
509 2615 592 2666 οντα
615 2583 715 2662 idem
734 2583 866 2676 essent,
891 2581 997 2685 quod

3 2693 5 2784 ξ
27 2678 174 2756 nihilum
189 2703 227 2756 et
240 2691 386 2769 nulum,
411 2689 596 2770 Xonmons
612 2682 734 2762 secum
749 2683 827 2784 ipso
842 2705 998 2786 pugnas·
1105 2779 1115 2788 .

27 2779 90 2872 set,
118 2805 190 2860 nec
205 2807 347 2863 omnem
363 2785 438 2862 veri
454 2787 622 2862 notitiam
639 2809 678 2864 et
692 2786 864 2862 indicium
879 2785 998 2880 homi-

29 2883 129 2961 nihus
144 2882 337 2987 eripuisset:
364 2911 446 2963 nom
462 2885 524 2987 qui
541 2886 673 2978 statuit,
688 2885 776 2965 fana
789 2885 859 2963 else
875 2885 999 2964 omnir

31 3009 65 3064 ex
85 2973 204 3064 nihilo
225 3011 262 3064 et
280 2989 319 3066 in
341 2987 495 3066 nihilum
511 2983 628 3064 rursus
644 2987 797 3082 reuerti,
827 2987 857 3063 is
872 2987 999 3076 certio,

28 3109 88 3164 nec
100 3087 287 3177 fallacibus
309 3089 498 3168 instructus
520 3087 589 3166 effe
612 3086 725 3166 debet
739 3085 942 3191 praeceptis
960 3109 998 3164 et

27 3193 160 3300 fegtlis,
183 3216 229 3268 ex
242 3191 375 3291 quibus
390 3192 463 3268 hoc
477 3187 540 3293 ipst
555 3189 778 3292 cognoscere
791 3189 909 3280 licent,
926 3195 997 3266 nec
1059 3225 1069 3244 κ

28 3285 86 3366 llis
100 3294 192 3372 ideo
206 3293 332 3394 potest
347 3291 543 3383 accedere,
574 3293 636 3394 qui
651 3294 773 3372 omnia
787 3317 866 3370 non
878 3289 997 3368 modo
1089 3318 1094 3338 ¹

34 3387 109 3484 vio,
147 3393 213 3474 sed
234 3413 275 3470 et
292 3395 489 3498 opiniones
509 3393 664 3472 incertos
682 3419 719 3472 et
737 3393 812 3472 veri
831 3415 997 3495 expertes

29 3487 266 3574 essestiscunt.
332 3501 457 3598 ltaque
469 3529 522 3576 eo
535 3533 582 3594 pn
595 3529 678 3578 oro
695 3493 762 3574 snt
777 3518 926 3598 oportet
939 3521 997 3574 res

104 3623 141 3676 m
164 3593 330 3690 stabiles,
359 3597 476 3676 fluxae
497 3619 536 3674 et
548 3597 735 3700 perpetuis
750 3593 997 3676 conuerstoni-

46 3719 82 3772 us
94 3698 305 3791 obnoxiae,
335 3720 456 3800 neque
476 3697 540 3774 alio
554 3698 678 3801 potuit
691 3721 796 3776 mens
808 3698 912 3781 huius
927 3697 999 3774 else

23 3797 247 3904 philosophi,
270 3825 377 3904 quam
390 3799 497 3905 haec:
524 3803 595 3878 Res
609 3823 704 3903 quae
720 3799 934 3904 gignuntur,
953 3824 997 3874 ex

356 3975 359 3981 Δ
495 3901 570 4002 L3
886 3899 997 3985 reboo

58 4020 70 4052 ²
93 4013 219 4098 Pbyfictt
233 4017 299 4080 sel.
306 4027 328 4086 1.
336 4017 394 4082 Lib.
405 4021 453 4084 ill.
464 4019 599 4104 Cophp.
607 4019 773 4102 232.Tom.
782 4019 875 4097 kopp
