2434 4418
123 297 164 368 ’,
220 267 293 390 ’,188
382 261 603 372 DISSERT.
627 265 697 350 DE
722 261 1030 370 CREATIONE
1180 279 1184 288 ‘

137 476 146 484 ’
219 450 308 553 quin
323 449 478 530 mundus
494 449 631 530 sanlius*
645 471 684 529 et
697 447 818 528 omnis
833 449 920 528 labis
935 449 1072 530 nescius
1083 472 1185 554 appa-
1211 471 1212 500 Ν

218 573 305 630 reat.
353 555 493 630 Verum
510 553 762 656 sapientiores,
777 552 933 656 opinor,
948 573 1099 656 oportet
1110 549 1186 644 elle,
1211 591 1212 636 t

219 653 282 755 qui
298 652 453 730 veritatis
467 651 540 730 fine
554 655 629 732 vllo
645 653 799 770 partium
818 653 938 731 studio
959 653 1082 756 cupidi
1095 651 1185 744 sunt,

219 753 1016 858 necquodoptantdocurffephilosophorum
1025 755 1185 858 aliquem,
1211 769 1212 860 p

209 855 341 932 nodio
364 877 403 932 et
424 880 500 933 arte
527 883 572 935 ex
593 855 697 933 diuis
717 857 793 932 eius
808 856 1025 959 exprimere,
1052 855 1112 933 sed
1127 879 1185 946 ea,

216 975 310 1058 quae
323 959 491 1036 oratione
506 979 544 1035 et
559 957 828 1056 verbisapertis
844 955 1019 1060 prosellus
1034 959 1104 1052 est,
1125 953 1183 1134 iffi

186 1101 188 1104 ·
214 1058 392 1149 tribuere,
415 1057 511 1136 srvel
526 1059 681 1136 maxime
699 1057 875 1134 dedecori
888 1056 1037 1136 lintilli.
1088 1057 1135 1156 Ν
1162 1056 1168 1071 “
1211 1067 1212 1106 ³

84 1201 89 1210 ·
214 1159 261 1238 ad
284 1158 462 1246 veritatis,
495 1160 585 1236 nihil
608 1159 653 1236 ad
672 1159 858 1261 religionis
881 1159 1024 1236 accedit
1040 1159 1180 1263 digniu-

213 1282 290 1338 tem
309 1282 347 1337 et
360 1260 625 1360 praestantiam,
650 1259 674 1336 fi
690 1282 850 1336 veterum
866 1260 1114 1362 magistrorum
1127 1258 1177 1336 ali·
1211 1331 1212 1366 p

122 1448 130 1464 Ι
213 1363 279 1462 qui
297 1361 466 1438 meliores
487 1361 681 1438 credantur
706 1360 821 1452 fuiffe,
851 1381 959 1462 atque
973 1361 1095 1466 reapse
1117 1361 1177 1438 fue·

212 1481 315 1542 runt:
339 1484 466 1539 contra
485 1463 755 1566 praeposterum
771 1461 846 1550 hoc
858 1461 1013 1540 studium
1030 1461 1179 1566 philoso-

211 1563 311 1668 phus
329 1588 411 1640 cum
434 1562 831 1674 christianislociandi,
864 1565 1099 1663 incrementis
1120 1563 1178 1640 do·

211 1663 353 1748 &rinae
363 1665 529 1744 coelestis
544 1690 623 1744 non
637 1689 716 1742 raro
732 1663 868 1741 nocuit.
896 1664 1026 1742 Redeo
1039 1664 1084 1742 ad
1100 1668 1174 1743 Ptr-

141 1831 150 1838 .
211 1787 343 1844 tortum
357 1784 469 1870 quem
486 1771 680 1846 Drctrruvs
693 1765 741 1846 de
755 1766 911 1862 notione
927 1785 973 1843 et
991 1765 1175 1844 formame-

178 1933 179 1939 ,
208 1867 324 1946 terite
340 1894 418 1946 non
436 1869 485 1946 de
499 1868 570 1971 ipsa
585 1867 730 1946 materia
748 1866 851 1968 loqui
861 1866 986 1960 tradit,
1010 1887 1177 1970 quumee·

210 1972 353 2046 ternam
367 1970 437 2047 elle
454 1995 532 2047 earn
543 1969 663 2048 sciscit
712 1970 906 2046 Latebram
921 1967 1032 2069 elegit
1051 1970 1103 2046 vir
1118 1967 1176 2042 do·

209 2069 380 2148 &illimus
398 2097 522 2173 parurn
537 2091 672 2163 tutam,
698 2093 743 2146 ex
755 2069 916 2173 qua-ipse
941 2081 1026 2148 eum
1043 2073 1176 2152 Porro,

209 2195 320 2272 quern
346 2173 456 2248 nimis
479 2195 593 2256 amat,
626 2169 822 2271 protrahet.
857 2217 858 2220 π
883 2170 1041 2248 Primum
1062 2172 1175 2246 Ptaro

122 2337 127 2344 .
210 2271 392 2349 mundum
408 2293 446 2350 et
460 2275 644 2353 materiam
659 2271 754 2351 inter
763 2270 797 2348 se
806 2272 966 2374 opponit
975 2273 1013 2350 in
1028 2269 1173 2348 Timaeo:

113 2415 114 2422 Ν
209 2370 470 2453 illumaffirmat
482 2375 625 2452 initium
635 2372 788 2450 habuille
805 2373 1171 2452 etauuoreueocoe-
1211 2375 1212 2386 ‘

207 2473 305 2579 pisle.
355 2477 657 2568 Hancaeternam
673 2474 741 2552 effe
758 2473 857 2550 dicit.
909 2478 1172 2574 Haecquomo-
1211 2521 1212 2534 i

207 2575 262 2656 do
278 2601 361 2654 eum
377 2599 500 2680 arguta
517 2579 574 2654 illa
589 2575 891 2680 interpretatione
918 2579 1080 2652 Dncrtnn
1092 2591 1176 2648 con·

208 2679 386 2758 ueniunt?
408 2678 713 2758 Munduseodem
722 2681 838 2756 modo
847 2701 1014 2755 aeternus
1022 2675 1086 2768 est,
1101 2691 1169 2774 quo

96 2835 98 2845 ι
206 2780 374 2867 materia,
401 2774 793 2859 irdenotio'netantunt
808 2803 846 2856 et
861 2779 978 2858 sonna
993 2777 1169 2877 eiusque·

205 2906 319 2979 ratur:
343 2901 427 2960 ntm
436 2883 517 2986 quis
530 2904 665 2984 neget,
687 2903 869 2958 aeternam
885 2879 1013 2958 mundi
1032 2876 1173 2956 sormam

122 3039 130 3064 κ
206 2983 468 3083 intelligentiae
492 2983 636 3062 diuinae
663 2980 885 3060 obuersatam
913 2979 1009 3060 elle?
1043 2981 1175 3056 Petro·

206 3108 283 3160 utu
296 3084 406 3185 igitur
417 3083 505 3186 quid
520 3083 792 3174 commouillet,
820 3109 860 3162 vt
876 3079 1055 3161 mundum
1074 3097 1173 3176 negt·

205 3207 283 3269 ret,
315 3187 499 3264 materiam
513 3181 722 3271 affirmaret,
747 3205 928 3264 aeternam
952 3182 1043 3280 effe?
1076 3179 1174 3258 Dice·

169 3278 173 3294 ’
204 3307 336 3362 musne
356 3309 495 3364 tantum
516 3286 629 3388 qualis
652 3281 774 3364 Petro
789 3283 874 3380 fuit,
897 3285 1018 3363 uirum
1037 3295 1110 3359 t‘anr
1133 3277 1173 3352 in·

204 3387 428 3466 concinnum
440 3386 554 3479 luisse,
571 3409 611 3463 vt
623 3385 817 3464 notionem
827 3385 995 3466 materiae
1008 3381 1172 3490 ipsrmun·

92 3503 95 3512 ’
206 3481 261 3560 do
279 3511 363 3563 vere
376 3487 553 3568 exlistenti
575 3511 803 3589 opponeret,
833 3489 933 3566 hunc
949 3475 1171 3588 coepisseti-

121 3588 141 3684 ,’
204 3584 277 3664 lam
310 3611 507 3692 numquam
534 3588 714 3691 coepille,
753 3587 963 3670 affirmaret?
1003 3581 1172 3697 Equidem

139 3777 141 3782 ,
206 3686 287 3791 plus
309 3685 419 3767 [aueo
447 3696 646 3770 memoriae
676 3690 853 3782 hominis,
887 3717 998 3794 quern
1019 3687 1172 3764 diurnum

136 3923 139 3930 ,
205 3789 523 3974 ‹litutssantiquitrs²
547 3817 656 3896 quarn
669 3813 710 3872 vt
726 3793 802 3872 hoc
814 3792 859 3871 ab
873 3791 952 3900 ipso
965 3788 1107 3974 fallctper}¹
1109 3775 1171 3963 {gb

426 4123 432 4157 l

468 4302 554 4318 *-
