2538 4368
246 267 314 346 aa
347 263 647 346 aurnuauo
676 231 814 346 visu
892 310 901 320 -
977 223 1068 374 51]
1127 307 1133 322 .
1221 209 1228 230 “

77 445 222 540 litero,
250 446 357 554 quod
372 447 409 524 in
424 447 500 526 hoc
513 447 668 551 negotio
681 449 801 552 probe
815 443 1009 530 obseruar-
1051 423 1091 536 ¹„
1218 441 1222 450 ’

72 547 124 627 dn
140 575 258 658 poto,
288 543 446 653 intpdn‘ti
461 549 606 646 dicam,
638 573 684 636 an
698 551 867 628 rnaleuoli
890 551 1009 628 laomi÷

68 655 124 746 rer,
151 647 442 742 controuerfiae,
472 675 583 754 quern
605 651 884 729 vocantstaruna
901 653 1009 755 plane

65 751 348 854 ianurantatqne
362 751 594 854 detorquent.
660 755 711 829 lta
727 753 896 834 nimirum
918 775 1008 830 eon-

63 855 187 934 tludturt
200 850 440 958 disputatores
454 851 582 954 lepidi:
612 853 786 932 cuiuscun
815 879 860 932 ue
875 851 1008 930 doelri-

34 969 36 1056 g
59 981 87 1030 na
104 959 260 1034 mortenr'
277 954 546 1054 abhominibus
562 979 684 1032 arcere
699 880 838 1058 putei,
869 953 1008 1030 illene·

34 1071 36 1172 j
58 1055 177 1136 cellario
193 1053 269 1164 ipse
281 1056 355 1134 virn
370 1053 497 1134 mortis
512 1080 590 1132 non
607 1054 745 1134 sentiet.
780 1053 907 1148 Misera
948 1079 1009 1132 ro·

34 1195 36 1224 r
58 1155 137 1236 fauo
149 1159 422 1263 argumentatio,
449 1181 556 1258 quarn
573 1157 674 1234 variis
690 1156 810 1236 modis
824 1081 1011 1234 lauciora-

34 1260 201 1360 lripulle,
221 1283 357 1338 omnes
373 1257 509 1360 vident.
575 1263 628 1336 Vt
648 1281 787 1336 taceant
809 1259 903 1336 adeo
920 1255 1011 1333 diui-

34 1384 172 1442 norum
192 1361 421 1440 oraculorum
444 1381 611 1464 expertes
625 1384 685 1438 aut
698 1360 821 1454 suill'e,
862 1381 924 1438 aut
942 1355 1012 1446 elle

34 1465 36 1500 l
54 1461 184 1541 voluisse
195 1517 207 1554 ,
233 1483 275 1539 vt
296 1487 345 1538 ne
363 1482 539 1564 caperent
557 1461 727 1564 quidem,
762 1462 866 1566 quale
883 1459 1010 1537 mortis

59 1587 148 1662 genus
163 1564 346 1642 Dominus
366 1561 606 1666 intelligeret:
647 1561 777 1641 Nihilo
801 1585 925 1642 tamen
944 1564 1010 1640 nai-

59 1689 105 1744 nua
124 1665 229 1744 lein
250 1665 479 1741 Seruatorem
503 1664 744 1741 inuehuntur:
778 1663 801 1740 fi
824 1667 886 1742 illa
909 1689 1009 1767 prae·

57 1789 226 1866 totorum
247 1787 396 1866 tuorum
413 1765 463 1842 vis
480 1763 555 1856 est,
592 1787 631 1842 vt
652 1765 814 1870 discipuli
837 1765 886 1843 tui
907 1788 1010 1842 rnetu

59 1863 216 1968 supremae
239 1865 353 1942 horae
374 1889 495 1942 carere
518 1863 680 1969 polliut?
719 1890 758 1943 tu
775 1891 874 1944 certe
890 1889 1011 1944 tantus

58 1963 168 2048 dodor
187 1973 327 2072 primus
348 1967 512 2044 omniurn
532 1968 744 2045 immortalis
758 1968 836 2045 eris.
897 1970 1012 2044 Tunc

59 2069 303 2170 reroignoras,
328 2069 503 2148 maximos
520 2069 627 2160 viror,
652 2069 897 2148 Abraltanrurn
914 2067 1012 2144 vnde

58 2189 159 2264 genus
170 2171 330 2248 nostrum
346 2169 528 2260 ducimus,
551 2192 683 2286 totque
699 2171 788 2248 alios*
803 2193 901 2248 vates
920 2167 1013 2247 linn-
1109 2216 1112 2224 ·

54 2291 112 2343 me
127 2269 352 2360 veremudus,
377 2271 464 2348 licet
476 2267 547 2372 ipsa
564 2273 636 2350 Der
653 2273 797 2374 eloquia
813 2271 1012 2374 proposue-

55 2372 123 2459 rint,
137 2367 211 2450 sartis
224 2370 431 2450 oecubuill'e
444 2397 502 2458 v.t
511 2397 541 2466 3.
589 2371 690 2478 Qid
707 2374 849 2476 itaque?
874 2379 1014 2480 Nonne
1063 2436 1067 2445 .

34 2475 36 2560 l
54 2491 81 2546 re
94 2473 165 2548 ltoc
181 2475 285 2574 pallo
301 2472 372 2551 illis
387 2471 616 2563 horninibus,
648 2501 804 2573 quorum
831 2475 889 2552 vix
903 2479 1013 2558 terrass

34 2571 125 2662 lrurn
154 2571 250 2648 orbis
296 2597 374 2652 ares
399 2571 514 2666 vidit,
551 2573 1012 2675 impudentetadmodunr

49 2670 224 2772 praefers?
286 2670 509 2754 oncedarnus
524 2675 797 2780 aliquantisper,
821 2675 1014 2755 concredi-

52 2793 77 2846 ta
107 2797 126 2849 a
159 2769 321 2878 supremo
343 2777 494 2854 numine
516 2777 582 2852 tibi
608 2775 703 2870 elle,
742 2803 836 2876 quae
860 2777 1013 2955 profers.
1071 2801 1080 2822 ¹

54 2867 140 2951 llum
157 2873 296 2955 idcirco
310 2877 420 2954 morti
436 2875 612 2957 subletlus
630 2883 818 2955 noueris?
843 2882 856 2954 l
892 2879 902 2955 i
919 2903 1013 2979 quo-

52 2996 110 3071 que
130 2973 251 3054 diuina
266 2976 465 3054 erudiebant
477 2979 639 3070 oracula,
666 2981 811 3082 Deique
831 2979 876 3056 ad
893 3003 1013 3083 popu·
1121 3015 1126 3030 κ

50 3069 114 3152 lon
128 3075 294 3180 responsa
311 3076 526 3156 referebant.
591 3082 653 3158 Nil
672 3103 792 3160 tamen
810 3081 871 3160 hie
887 3081 931 3158 ad
948 3103 1014 3156 eos

51 3171 105 3252 hat
116 3177 155 3254 in
170 3199 273 3279 parte
285 3179 477 3284 commodi
491 3179 716 3260 redundauit.
766 3184 907 3264 Mortui
922 3181 1015 3272 sunt,

57 3269 224 3358 laniliaree
238 3279 326 3358 licet
337 3303 379 3356 ac
393 3281 498 3358 arniei
515 3283 672 3360 numinis
688 3283 834 3364 fuerint.
890 3287 1011 3387 Quem

55 3379 362 3486 tritaqueputas?
390 3383 512 3482 Qtern
527 3379 783 3486 nobiafingis?
813 3389 937 3464 Deum
955 3407 1013 3464 aut

52 3471 262 3558 honinem?
303 3484 377 3560 Vix
397 3484 606 3564 Abrahamo
624 3488 756 3564 nostro
776 3487 951 3566 maiorem
975 3511 1016 3565 te
1113 3565 1118 3582 Ν(
1192 3543 1193 3546 κ

54 3577 119 3674 de,
134 3581 309 3684 quiequid
324 3583 638 3678 dicaaeredirnus.
688 3587 1013 3667 Manifestumlrlnc
1162 3591 1164 3603 '

49 3677 106 3796 el,
134 3683 440 3788 quamstupidas,
475 3683 745 3790 quarninsulsaa
769 3691 1015 3782 obleuiones,
1036 3725 1059 3770 ,ε

48 3783 376 3918 uubmSeputoria
389 3787 497 3871 verba
510 3788 731 3972 rssfefleaenr,
746 3785 1014 3964 fabricauarsti‘rp:

372 3933 378 3945 ,
450 3955 454 3964 ⁸
580 3913 603 3971 ὓ
725 3949 728 3954 ,
827 3933 836 3950 ,
995 3912 1015 3960 c.
1092 3904 1096 3920 ⁸
