2434 4418
1 442 2 479 t
114 465 115 472 i
243 389 518 474 MVNDIEX
552 389 753 471 NIHILO.
920 397 991 496 163
1169 393 1174 404 ‘

29 573 112 656 imit
131 601 242 680 quam
264 574 316 654 sas
338 598 377 654 et
396 599 552 678 aequum
572 577 728 677 patitur,
761 573 845 678 qui,
877 591 994 679 quiim
1120 597 1124 606 ·

30 680 229 756 vocabulum
244 677 405 756 occurrit
418 677 647 779 ambiguum,
672 677 820 756 alteram
835 675 912 754 eius
927 705 994 782 po·
1024 756 1028 762 ,

30 781 173 860 testatem
187 779 284 858 nulla
298 779 413 858 fultus,
424 779 586 872 tationee
611 779 714 880 eligit
728 801 766 856 et
779 805 824 856 ex
841 779 910 856 hac
927 780 995 856 de-

26 879 131 986 hteps
148 881 332 987 potestate
345 879 433 958 disci
461 885 571 958 linam
587 879 742 956 tutioris
757 879 911 958 metitur.
955 881 995 960 Si
1058 902 1064 914 ‘

25 985 65 1060 rel
84 1009 205 1088 aeque
224 1003 410 1060 certume
439 1003 501 1074 et,
541 1003 649 1082 atque
668 981 847 1060 incertum
871 983 926 1058 est
948 1007 992 1062 ae
1030 1048 1033 1056 .
1072 1022 1083 1060 ¹.

22 1083 182 1172 dubium,
212 1083 366 1160 verbum
388 1085 462 1160 hoc
484 1081 581 1186 apud
601 1085 798 1160 Htsroovn
819 1081 993 1188 fignifica·
1069 1165 1075 1172 ,
1100 1149 1104 1164 ,

21 1209 70 1260 re:
89 1184 235 1288 saslnm
251 1183 299 1282 est
315 1206 375 1262 aut
384 1184 565 1283 genitum,
588 1206 636 1260 ne
651 1181 864 1285 sequidem
880 1208 992 1290 expe·

21 1286 220 1366 dirriorent
233 1286 365 1363 omnia.
417 1289 507 1376 Nec
528 1285 626 1362 enim
645 1285 786 1364 addidit
803 1289 992 1368 Htsroovs

21 1392 126 1468 aDeo
138 1389 270 1470 Chaos
285 1385 354 1464 else
368 1384 514 1486 fadum,
539 1411 611 1464 nec
622 1386 733 1465 refert
749 1413 794 1464 ex
807 1388 925 1466 nihilo
939 1387 992 1467 sa·
1057 1419 1066 1438 ·

21 1490 104 1566 llum
117 1490 190 1570 else
204 1488 297 1568 illud
316 1511 354 1566 et
367 1487 550 1590 genitum:
575 1487 740 1590 quotide
756 1488 993 1596 gradoplane
1042 1553 1047 1564 ,

20 1589 307 1672 deicitsautotes
322 1591 410 1666 eius.
458 1588 549 1681 Sed,
572 1590 627 1666 his
641 1589 758 1684 milhs,
782 1589 923 1684 faciam,
951 1612 994 1672 vt

25 1693 151 1790 planum
167 1691 256 1784 fiat,
294 1692 474 1792 vulgatam
494 1690 599 1768 huius
618 1690 777 1767 nominis
793 1691 991 1796 expositio-

23 1817 89 1874 nem
101 1793 335 1876 retinendam
354 1791 423 1870 else
443 1813 482 1869 et
494 1793 689 1869 Hesroovn
711 1791 802 1869 nihil
818 1792 994 1873 indicasse

21 1897 116 1992 aliud,
142 1889 256 2000 quam
272 1895 331 1981 id,
360 1893 636 1998 quodOvtmvs
654 1891 808 1986 cecinit,
831 1893 993 1996 exstitiffe

21 1997 242 2078 Cnosante
253 1996 385 2074 orbem
401 1993 606 2072 conditum.
655 1993 731 2095 Ipsa
742 1995 901 2096 primum
916 1995 993 2075 hoe

20 2093 193 2196 postulant
210 2097 289 2176 eius
310 2097 429 2183 verba.
495 2093 611 2274 Ἧοά
626 2094 650 2172 fi
665 2094 764 2174 enim
780 2094 828 2173 de
843 2121 992 2200 genera·⁸

18 2201 117 2275 tione
137 2223 176 2278 et
193 2222 278 2278 ortu
300 2199 401 2278 rudis
426 2218 466 2274 et
485 2199 523 2272 in
552 2197 684 2300 igestae
706 2197 841 2292 molis,
881 2225 993 2300 quam

20 2299 142 2376 Chaos
153 2301 366 2393 nominant,
394 2299 498 2400 loqui
511 2298 690 2384 voluisset,
725 2298 875 2378 caussam
891 2299 992 2380 haud

19 2393 128 2492 dubie
142 2397 357 2480 efficientem
372 2405 448 2478 eine
463 2425 530 2478 vna
549 2399 785 2494 nominasset,
818 2427 932 2504 quum
948 2429 993 2481 o-

17 2499 127 2598 pificis
148 2526 185 2580 et
205 2503 365 2606 parentis
388 2500 483 2580 haud
498 2502 660 2580 obliuisci
675 2501 811 2590 soleat,
844 2505 908 2606 qui
927 2530 993 2586 na.

1 2621 133 2696 ³taram
144 2604 294 2704 aliquam
312 2605 473 2706 genitam
488 2603 578 2681 dicit
592 2626 630 2680 et
643 2603 770 2682 sardam
786 2603 866 2682 elle
899 2605 993 2711 Qis

1 2699 80 2776 ‘sibi
104 2701 304 2801 persuaserit
325 2709 542 2797 Htsroovn,
577 2703 602 2780 fi
626 2727 703 2782 tem
725 2725 799 2782 tam
823 2729 992 2808 grauem,

15 2823 167 2904 tamque
182 2827 367 2905 magnam,
399 2805 512 2907 qualis
533 2805 586 2881 est
600 2804 708 2884 Chaos
721 2805 931 2908 procreatio
948 2831 994 2887 ex

16 2905 132 2983 nihilo
154 2929 441 2986 commemorare
460 2903 652 3000 voluisset,
689 2931 738 2982 ne
759 2907 890 2986 vocula
912 2907 993 3008 qui-

1 3002 94 3085 dem
117 3007 274 3087 rudioris
295 3009 387 3088 tanti
413 3008 536 3111 operis
561 3011 792 3085 mentionem
814 3007 992 3088 sadlurum

15 3103 132 3188 fuisse?
158 3135 272 3212 quem
287 3111 363 3189 hoc
376 3107 547 3188 nondum
560 3131 797 3203 commouet,
825 3111 855 3189 is
870 3131 995 3188 tamen

15 3211 137 3308 modo,
151 3211 373 3314 religionem
387 3217 520 3318 poe‘tae
535 3209 640 3288 huius
655 3215 891 3314 cognouerit,
900 3237 995 3290 con·
1031 3306 1043 3322 Β

17 3309 111 3392 tilido
133 3313 259 3392 cedet
322 3317 418 3393 Non
436 3312 562 3392 habuit
574 3313 749 3391 maiorem
765 3336 803 3392 et
818 3309 995 3392 excelsio-

16 3429 87 3490 rem
97 3419 228 3494 Deum
242 3415 449 3508 Hesionae,
480 3439 587 3516 quam
603 3417 719 3494 loven
735 3413 857 3502 suum,
888 3413 994 3520 quod
1068 3502 1081 3523 ἢ
1132 3475 1137 3483 -

16 3531 121 3622 netno
131 3509 309 3621 ignorate
322 3517 457 3622 potest,
471 3516 533 3618 qui
545 3516 604 3593 vel
621 3516 751 3594 leuiter
764 3521 898 3620 poe'ma
915 3521 996 3596 eius

15 3613 221 3717 inspexerit:
247 3615 347 3696 hunc
363 3622 498 3710 Deum,
513 3617 779 3720 hominumque
785 3639 994 3798 gerentem,

13 3709 102 3798 hunc
119 3719 243 3798 serum
260 3719 428 3798 omnium
442 3741 747 3823 procuratorem,
812 3745 885 3798 unc
898 3721 996 3825 opti-

14 3837 105 3898 num
131 3841 173 3898 et
193 3819 388 3899 maximum
409 3820 605 3928 praedicat.
669 3824 724 3908 At
745 3819 793 3898 de
814 3821 890 3900 hoc
905 3826 995 3898 ioue

15 3921 109 4001 valde
125 3919 239 4002 sentit
258 3921 399 4005 abiede
417 3945 461 4004 ac
477 3919 669 4102 illumiliter.
733 3925 833 4002 Nam
855 3919 997 4001 Saturni

532 4047 556 4101 a
909 4044 1009 4104 eum.
