2458 4340
115 209 171 288 IN
193 205 394 286 PATRIA'
412 153 626 300 NOiTRA
646 167 943 293 EXISTIMAT.
969 239 1042 320 343
1129 165 1132 180 Ι
1160 225 1165 234 ’

67 389 190 482 nullus
222 411 400 494 patronos
432 387 581 466 invenit.
650 391 790 468 Verum
829 395 957 474 iisdem
987 425 1041 482 aa·
1142 397 1145 411 '

67 497 252 596 gumentis
267 487 526 580 causs'amsuam
544 488 765 584 defendunt,
791 493 920 572 iisdem
936 499 1041 596 plane
1106 529 1109 541 ·

63 595 174 674 armis
188 619 237 696 pu
266 613 370 682 nant,
394 613 442 674 ne
456 615 567 692 nugas
580 616 686 694 agere
700 591 868 674 videntur
879 597 948 674 stili
969 603 1040 678 Ro·

58 696 164 779 ‘mani
178 616 340 770 viniices
354 714 391 768 et
405 713 554 771 tutores.
604 691 704 796 Qid
718 694 848 796 igitur?
880 697 1040 780 Adeone

60 819 129 876 aut
144 815 294 886 vecors,
321 815 380 870 aut
394 791 540 896 iniquus
554 794 743 895 quisquam
757 797 850 891 erit,
872 822 913 876 vt
936 803 1040 901 quod
1140 861 1143 880 .

61 898 141 1007 ipse
165 892 298 972 causae
324 894 402 972 suae
428 893 585 972 tuendae
605 897 1040 992 adhibitum‚2va]idum,

20 1039 21 1042 κ
62 1019 223 1086 certum,
236 993 537 1074 rationalestatuit
551 993 639 1091 effe,
661 997 760 1076 idem
769 997 942 1093 inaliena,
959 1027 1038 1083 non

60 1097 254 1188 simillima,
279 1093 341 1174 sed
357 1097 483 1176 eadem
502 1097 946 1200 planecauffaiafirmum,
970 1102 1038 1182 fra·
1113 1133 1117 1140 ’

58 1199 159 1304 gila,
181 1199 311 1276 virtute
321 1197 636 1278 vacuumiudicet?
658 1199 1039 1304 Autigiturdefinant,

56 1303 125 1405 qui
158 1298 269 1378 hodie
306 1301 576 1381 Germanorum
605 1301 748 1404 linguae
784 1295 1038 1404 excolendae„
1081 1347 1084 1354 v

56 1400 268 1510 purgandae
283 1399 496 1503 legibusque
510 1399 619 1480 certis
642 1401 871 1506 muniendaq
883 1433 1035 1509 operam
1057 1439 1065 1454 ’
1111 1421 1116 1433 “

57 1506 149 1584 dant
170 1501 288 1580 facere
310 1503 369 1588 id,
386 1503 495 1604 xquod
519 1503 625 1580 bonis
652 1506 824 1582 omuibus
845 1529 884 1584 et
903 1509 1034 1586 intelli·
1076 1535 1078 1542 ’

56 1604 231 1712 gentibus
250 1599 414 1681 secundis
434 1603 587 1695 faciunt,
612 1628 688 1699 aut,
711 1609 845 1686 Latino
862 1607 1036 1702 sermoni,
1123 1620 1145 1675 f

81 1709 119 1788 ui
134 1704 301 1784 eamdem
314 1705 492 1808 praestant
511 1730 684 1810 operam,
717 1710 967 1812 praeposterae
983 1709 1035 1790 se·
1127 1771 1131 1776 -

55 1737 219 1890 imitatis
232 1803 426 1884 absoluant.
1155 1837 1158 1844 ¹

104 2008 403 2113 Sedattingamus
415 2006 609 2112 idquoque
623 2011 760 2114 paucis,
774 2011 920 2115 nequid
930 2037 1031 2116 prae·

20 2179 22 2188 ,
50 2111 253 2192 -termiss'um
278 2110 456 2204 videatur,
481 2109 585 2214 quod
606 2111 796 2190 adiiciunt:
837 2117 914 2194 Vix
928 2140 1031 2194 com·

58 2211 228 2292 modeim
251 2237 320 2290 vna
343 2211 426 2292 sede
447 2214 611 2292 Latinam
638 2215 933 2318 Germanamque
957 2216 1032 2297 elo·

59 2318 244 2414 quantiam
258 2311 381 2392 versari
396 2311 511 2414 poue,
537 2315 683 2394 alteram
700 2317 799 2400 alteri
813 2341 936 2396 natura
956 2319 1031 2394 vei·
1098 2379 1108 2416 s

62 2415 114 2490 uti
136 2409 314 2494 inimicam
338 2413 425 2504 effa,
442 2415 548 2492 altera
556 2417 618 2518 qui
626 2418 782 2510 valeant,
805 2419 946 2496 alterius
955 2419 1054 2521 ple‘·.

60 2513 576 2618 rumqueinopeaessesolere:
602 2517 1032 2624 maiusautempaobrum

60 2615 148 2708 effe,
164 2621 202 2694 in
216 2615 290 2696 solo
304 2617 421 2718 patrio
435 2641 567 2706 errare,
593 2643 695 2717 qaam
710 2617 747 2694 in
771 2620 896 2705 Latio,
920 2619 1029 2722 turpi·

57 2719 374 2820 uslongevitium.
429 2715 734 2809 Patriiseimonis,
757 2744 864 2820 quam
899 2721 1037 2821 eregri:

61 2822 97 2894 ui
109 2819 279 2900 facultate
292 2819 451 2898 destitui:
476 2817 854 2920 illamigiturquaeren
882 2847 938 2898 am
953 2821 1033 2898 vni:

63 2945 117 3006 ce,
146 2924 242 3000 hanc
261 2921 395 2998 miffam
416 2918 623 3006 faciendam,
640 2919 719 2998 effe.
794 2925 933 3000 Demus
953 2923 1031 3012 hic,

59 3045 124 3100 nac
140 3020 238 3102 eaim
254 3023 417 3100 nostrum
433 3021 504 3122 est,
528 3021 586 3098 vel
600 3019 787 3100 artificiose
811 3044 954 3126 tegere,
965 3024 1029 3100 -vel

61 3121 288 3226 impudenter
311 3146 463 3225 negare,
496 3147 589 3226 quae
604 3125 770 3202 omnium
793 3123 1030 3202 obuersantur

65 3226 189 3318 oculis,
218 3225 347 3302 demus
371 3226 498 3326 igitur,
531 3225 624 3304 haud
643 3249 796 3328 paucos,
836 3224 1029 3328 copiosos,
1123 3237 1125 3245 '

62 3317 226 3418 disertos,
253 3325 458 3404 luculentos
474 3324 560 3420 effe,
586 3326 910 3406 dumoreromano
925 3326 1028 3429 loqui
1095 3325 1099 3335 '

58 3421 161 3518 iicet,
196 3426 347 3506 eosdem
368 3425 637 3520 infantiffimos,
665 3427 853 3520 sordidos,
883 3452 1026 3520 mutos,
1090 3453 1094 3464 ’

57 3547 171 3624 paene
183 3551 373 3632 apparere,
398 3527 760 3622 fistiiusmutandus,
786 3529 1025 3631 eamdemque

57 3647 110 3710 res
131 3627 345 3731 gumanicis
365 3629 482 3717 verbis
505 3629 600 3814 claYre
621 3649 661 3710 et
684 3653 861 3738 accurate¹
876 3629 1025 3808 ⁴euantii·

594 3755 621 3831 4
931 3754 1022 3810 ana
