2482 4340
202 188 309 346 ξομες
450 241 520 322 nr
550 179 948 324 ¹urrncvrsruua

37 409 39 423 ’
91 457 99 464 “
167 436 169 448 “
211 413 337 506 amore
351 423 442 518 boni
458 413 594 524 publici
607 419 755 523 ardent,
779 411 910 506 omnes
937 427 1203 533 prudentia'et

25 533 46 621 Ι,
150 522 163 596 Τ
210 529 383 608 cautione
405 529 627 612 instrudliin
653 527 1011 610 Senatuconfident:
1039 533 1201 634 utinge-

205 635 355 708 niorum
375 628 556 710 diuersitas
570 633 617 708 ita
633 655 712 708 non
733 633 854 735 potest
874 657 954 710 non
975 634 1081 710 hunc
1107 633 1196 712 botri

73 817 76 828 y
206 731 345 836 publici
367 733 561 819 amorem,
593 734 688 810 hauc
710 731 941 834 prudentiam
963 756 1193 838 temperare,

207 857 249 912 vt
262 832 520 913 sententiarum
542 835 630 912 inde
650 833 820 912 noscatur
833 833 1054 930 differentia:
1077 837 1200 940 idque

207 936 246 1012 in
269 935 379 1012 rebus
399 935 619 1038 potissimum
644 937 837 1039 implicatis
860 959 899 1014 et
922 933 1197 1017 difficilioribus

111 1120 114 1128 ,
206 1035 402 1136 contingit.
473 1040 534 1115 De
564 1037 741 1118 sententia
765 1039 920 1136 plurium
950 1041 1192 1142 pronuntiata

144 1189 153 1200 -
206 1137 297 1215 dum
318 1139 393 1214 esta
421 1162 546 1216 verum
567 1139 679 1218 multa
704 1139 868 1218 refluant
888 1163 1191 1244 nonnumquam,

202 1255 256 1317 'ne
270 1239 309 1316 id
323 1239 440 1316 statim
455 1241 602 1343 liqueat,
613 1241 717 1343 quod
734 1241 1036 1345 plaeetplurimis.
1090 1245 1191 1320 Hint

102 1340 104 1348 ’
208 1339 427 1419 consultatio
442 1339 769 1429 consultationem,
793 1365 1002 1420 conuentus
1018 1367 1195 1424 conuen-

43 1456 80 1476 ·“
207 1460 285 1520 tum
302 1441 427 1544 gignit.
479 1445 635 1522 Estnon
653 1445 761 1536 leuia,
785 1443 923 1536 sateor,
950 1447 1195 1538 Avorruaus,

204 1543 350 1622 estnon
374 1544 465 1620 leuis
478 1545 587 1622 tardis
604 1543 706 1624 hisce
724 1543 957 1624 confiliomn
974 1543 1194 1626 nostrorum
1229 1545 1231 1584 ²

99 1669 104 1684 ·
203 1643 629 1752 progrelfibusadiundia
656 1647 798 1724 vtilitaa
847 1649 928 1725 ‚Vt
948 1643 1050 1722 enim
1077 1671 1187 1724 rurre-

203 1746 275 1826 ries
288 1773 365 1848 quo
381 1745 518 1826 diutius
532 1749 577 1826 ab
592 1748 727 1826 artifice
742 1747 930 1840 uadaurr,
951 1773 1001 1824 eo
1026 1745 1181 1850 pulait:
1230 1769 1231 1784 ¹

93 1881 95 1886 ·
203 1848 348 1928 nitescit
362 1876 404 1927 ac
419 1849 605 1954 splendet:
625 1855 673 1927 ita
689 1851 796 1930 etiam
811 1842 1184 1951 quaesaepiusetcum

156 2012 157 2022 ,
204 1975 290 2027 cura
306 1952 543 2053 explorantur
563 1973 601 2030 et
621 1949 867 2052 disceptantur
885 1950 1017 2030 rectius
1036 1975 1188 2054 cogno·

128 2055 131 2062 ’
203 2051 373 2137 faunam,
425 2053 686 2154 rudentiucque
710 2075 882 2134 curantur
902 2051 1194 2132 etdiliribuun·

187 2175 275 2229 -tur.
325 2155 372 2230 Et
388 2077 487 2230 diem
504 2155 663 2246 constat,
684 2149 957 2258 sapientemque
968 2175 1106 2230 moram
1132 2153 1192 2228 sa-

204 2251 400 2332 luberrima
435 2253 541 2358 saepe
579 2257 741 2335 remedia
784 2279 823 2334 et
860 2253 1002 2334 consilia
1028 2273 1192 2354 praeter

143 2387 148 2394 ·
205 2377 359 2432 omnem
375 2355 593 2457 opinionem
610 2355 737 2438 afferre
752 2383 901 2450 verum,
921 2379 960 2436 vt
979 2377 1077 2432 nme
1095 2353 1193 2434 sunt

52 2523 57 2535 .
147 2487 150 2498 ¹
204 2477 392 2560 tempora,
415 2458 561 2560 pinguis
576 2460 663 2552 iste,
687 2459 773 2539 liita
796 2460 900 2560 loqui
913 2461 1023 2548 licet,
1044 2481 1193 2560 corpo

205 2559 254 2636 ris
276 2559 390 2636 nostri
416 2561 575 2653 habitus,
602 2561 690 2640 dum
706 2583 830 2640 motus
842 2559 1068 2638 celeritatem
1090 2558 1191 2636 susti-

157 2663 161 2668 ’
205 2681 292 2753 net,
311 2659 410 2738 saluti
426 2663 832 2744 elusinterdumobest.
906 2663 1006 2740 Dum
1023 2685 1093 2740 nos
1111 2657 1181 2734 coi
1228 2687 1229 2702 Ν

157 2799 164 2814 1*
205 2787 307 2849 mus,
332 2763 421 2840 dum
436 2763 697 2859 deliberamus,
732 2765 822 2842 dum
840 2785 945 2842 caute
968 2787 1012 2840 ac
1027 2760 1183 2872 pmden-

206 2877 265 2941 ter
277 2864 531 2955 consultamus,
547 2865 692 2944 occasio
708 2865 813 2970 saepe
826 2867 923 2944 bene
936 2865 1072 2967 agendi
1083 2887 1190 2968 prae·
1228 2877 1229 2910 l

76 2988 78 2996 ¹
206 2964 411 3061 celabitur,
431 2967 579 3069 illique,
597 2993 694 3072 quos
708 2969 806 3048 bona
818 2967 940 3044 nostra
956 2987 1070 3044 arunt
1084 2987 1195 3045 etan·

208 3085 320 3168 gunt,
343 3071 436 3144 vires
459 3071 573 3148 acrius
594 3069 760 3150 nocendi
782 3067 1035 3170 adipiscuntur.
1118 3072 1194 3144 Ve-

95 3177 99 3186 '
206 3193 288 3248 rum
304 3169 383 3248 satis
393 3171 466 3247 hoc
480 3169 529 3248 de
544 3173 803 3250 communibus
818 3169 888 3248 illis
900 3167 1196 3254 difficultatibus,

206 3295 303 3374 quae
318 3271 543 3372 diligentiam
565 3275 788 3376 magistratus
811 3269 1023 3350 Academici
1037 3271 1196 3348 turbant

208 3395 248 3451 et
263 3398 464 3451 motantur:
475 3422 478 3435 ·
489 3373 534 3451 ad
552 3375 628 3453 illas
642 3401 743 3454 nunc
758 3371 1056 3458 descendendum
1081 3371 1194 3454 effer,

108 3555 115 3564 .
207 3499 301 3574 quae
314 3475 459 3577 fingulis
475 3477 635 3556 muneris
657 3477 763 3556 huius
784 3475 945 3574 partibus
963 3469 1036 3552 sese
1056 3473 1191 3552 obiici·

157 3645 161 3650 .
205 3597 283 3654 unu
341 3579 415 3654 llic
429 3577 635 3684 ampliffima
648 3577 798 3658 dicendi
809 3575 916 3680 ‚seges
928 3573 1036 3653 nobis
1055 3599 1184 3654 occur

208 3675 273 3750 tit:
289 3673 360 3754 sed
373 3703 516 3780 parcam
530 3681 657 3770 vobis,
672 3705 786 3785 eaque
801 3699 942 3756 tantum
957 3675 1088 3781 paucis
1103 3675 1182 3756 dell·
1226 3747 1227 3750 a

210 3773 321 3862 bato,
345 3801 439 3880 quae
454 3787 586 3863 ceteris
600 3781 690 3868 milri
704 3785 869 3889 grauiora
883 3778 1082 3960 videntne
1226 3783 1227 3790 ‘
