2538 4368
302 57 306 62 .
771 60 773 66 ,
869 59 870 64 ,
1113 2 1117 61 Ι

88 260 93 283 ,
219 209 271 284 42
325 149 642 286 'maomnrro
665 173 734 258 os
762 135 1092 282 urs-fernum

138 401 156 436 κ
218 369 309 446 Dies
323 369 517 444 Seruatarit
529 363 729 444 delabetur.
790 365 844 442 At
864 362 961 441 enim
975 389 1066 464 vero
1085 363 1194 448 iihuc

111 458 149 566 's
180 479 184 486 ‘
217 491 368 568 ventum
383 467 454 560 est,
484 465 1127 585 hoctibiquoque‘concedipotest,
1150 470 1194 548 st-

98 639 101 650 .
211 569 378 672 ,gnificari
398 592 466 672 per
487 593 546 645 eas
560 589 705 672 tempus
729 565 1024 666 manifestationis
1043 572 1196 650 Domini

176 725 178 732 ι
215 673 255 750 in
269 673 324 748 his
338 671 451 747 tertis.
507 671 753 769 Hocrtantum
769 665 1019 770 disputationis
1033 671 1195 752 restabitz

213 779 277 852 An
300 771 324 850 st
346 793 492 874 tempus
518 769 653 874 hocin
674 768 786 871 figuta
808 770 961 868 quadam
984 793 1045 849 aut
1062 771 1196 852 visione

175 937 181 952 ,
213 895 335 950 vatum
364 871 506 950 cuidam
530 872 620 948 olim
633 869 743 948 suerit
758 871 978 966 exhibitum,
1013 873 1103 952 iliud
1115 875 1192 952 dies

119 1031 120 1044 ,
213 975 351 1054 Christi
368 971 536 1076 appellati
552 970 781 1088 nonpoisrt?
811 993 889 1049 aut:
921 976 984 1050 An
1005 975 1054 1052 de
1075 974 1190 1052 fanno
1259 981 1260 986 ’

239 1075 376 1153 uodam
393 1077 566 1164 homine,
598 1097 699 1150 cutus
712 1073 828 1150 menti
841 1073 981 1152 labores
999 1089 1190 1180 etperpes·
1259 1089 1260 1096 '

212 1102 331 1256 dones
348 1175 499 1252 Domini
520 1175 772 1276 repraesentati
794 1173 893 1270 simt,
927 1175 1001 1253 dici
1021 1201 1193 1294 nequeat,

211 1280 314 1358 illum
337 1278 437 1354 diem
463 1277 532 1352 iatn
544 1275 668 1354 vidisse
682 1276 860 1354 Domini?
897 1277 1023 1370 Vides,
1049 1306 1198 1358 utram-
1259 1279 1260 1288 '

203 1379 378 1484 plisst'mc’,
411 1377 501 1494 quid
515 1378 555 1456 in
568 1377 782 1479 quaestione
798 1377 975 1472 versetur,
1007 1400 1045 1457 et
1066 1381 1199 1482 inquo
1259 1411 1260 1428 ¹

150 1523 155 1564 ·.
213 1482 296 1560 Tibi
318 1503 512 1582 praecipue
535 1477 795 1558 elaborandum
811 1477 874 1564 iit;
911 1479 1046 1574 Vides,
1071 1482 1134 1560 nist
1150 1511 1198 1562 o·

212 1583 361 1662 mnibus
377 1581 497 1658 modis
512 1581 689 1682 decipior,
703 1606 742 1658 ea
756 1605 849 1682 quae
864 1580 912 1658 de
927 1607 1062 1660 vocum
1078 1581 1136 1660 vsu
1154 1611 1196 1661 e·
1259 1601 1260 1624 ¹

215 1683 435 1786 gregieaiias
455 1682 666 1778 dissensisti,
703 1705 810 1784 aegre
826 1682 967 1762 causam
980 1697 1080 1761 susm
1094 1685 1197 1766 adiu-¹
1259 1751 1260 1782 ,

212 1783 443 1887 uateposse?
543 1815 546 1822 ’
627 1887 648 1986 ὕ
737 1887 778 1962 H
969 1827 972 1835 ¹
1259 1841 1260 1874 t

261 1987 366 2091 Qae
389 1984 438 2064 de
461 1983 472 2061 i
499 1980 529 2061 sa
556 2008 596 2064 re
619 1992 659 2065 in
675 1985 840 2064 medium
860 1985 1116 2090 prosettame
1125 1989 1197 2068 mi·
1259 2029 1260 2070 t

212 2090 313 2166 nime
330 2013 510 2191 tangenda
524 2083 612 2166 sunt„
669 2092 762 2166 Non
778 2089 876 2165 enim
890 2091 1091 2192 argumenti
1106 2091 1203 2169 loco
1259 2079 1260 2158 s

162 2253 164 2258 s
212 2215 285 2293 pro
307 2189 481 2268 sententia
502 2209 563 2266 tua
584 2189 655 2268 eise
675 2189 844 2308 possunt,
888 2189 950 2268 sed
967 2193 1200 2270 hocttntnm
1259 2219 1260 2230 ¹

215 2289 434 2383 ostendunt,
458 2289 509 2366 nil
523 2289 663 2368 absurdi
676 2317 716 2369 m
731 2317 772 2368 ea
787 2291 978 2368 contineri.
1037 2291 1198 2395 Ipsemet

213 2417 365 2495 quoque
378 2392 440 2496 pie
456 2412 568 2469 tecum
581 2392 714 2487 credo,
745 2393 945 2497 peruenisse
968 2393 1013 2470 ad
1031 2391 1203 2488 caelites,
1259 2487 1260 2490 Ν

213 2515 348 2587 rerum,
369 2493 511 2596 quaein
525 2494 628 2572 tertis
645 2519 664 2571 a
679 2497 871 2572 Seruatore
886 2515 1206 2598 gererentur,lno-
1259 2503 1260 2510 '

107 2639 111 2647 -
213 2595 341 2674 titiam.
371 2601 497 2671 Omne
515 2621 604 2698 ergo
619 2596 806 2699 opinionis
825 2599 920 2674 Tuae
932 2597 1043 2674 robur
1060 2593 1207 2674 insco-

212 2721 268 2802 po
293 2721 331 2776 et
350 2721 447 2775 nexu
461 2699 656 2776 verborum
673 2697 775 2775 situm
792 2697 868 2774 erit.
936 2701 983 2774 Et
1003 2697 1095 2774 haec
1113 2697 1204 2798 qui-

210 2799 300 2876 dem
321 2801 368 2876 ita
389 2796 470 2876 sunt
491 2823 720 2905 comparata,
748 2819 806 2890 vt,
838 2795 998 2876 fitecum
1019 2796 1209 2891 facerent,
1259 2817 1260 2820 ’

210 2923 293 2978 non
309 2901 382 2978 aliis
394 2899 578 3002 indigetes
595 2899 824 3004 argumentis.
865 2901 1101 3004 Qtapropter
1115 2923 1209 2975 tne-
1259 2961 1260 2966 ,

210 3023 276 3077 um
291 3001 398 3094 soret,
424 3027 465 3078 ea
479 3003 540 3079 hic
555 3002 685 3094 statim,
708 3001 748 3078 in
763 3000 894 3102 quibus
911 3001 1024 3078 cardo
1040 3022 1215 3078 contro-
1259 3059 1260 3072 t

211 3100 519 3196 uersaaevettitur,
541 3107 753 3181 examinare.
802 3105 856 3178 At
869 3106 1043 3206 permitte
1056 3125 1219 3196 tamen,-
1259 3179 1260 3196 Ν

208 3202 270 3278 uir
284 3205 503 3282 celeberrime
527 3225 568 3282 vt
589 3205 629 3282 in
647 3204 753 3282 alium
769 3201 893 3280 locum
914 3229 999 3281 eunt
1027 3229 1073 3281 ue
1088 3227 1210 3280 cotn-

210 3301 448 3391 rnodiorem,
487 3306 582 3384 hanc
596 3305 645 3383 de
664 3303 779 3408 scopo
793 3327 832 3380 et
846 3329 942 3383 nexu
960 3229 1213 3408 disceptnio-
1259 3339 1260 3360 t

88 3489 93 3516 Ι
209 3427 297 3483 nem
312 3403 494 3502 differam,
525 3431 628 3486 antea
648 3432 738 3484 veto
752 3405 816 3482 alia
830 3405 1032 3508 quaedam,
1058 3404 1214 3506 quibus

197 3503 312 3586 'ntum
325 3507 444 3612 premi
455 3508 669 3707 sententigm
674 3507 865 3688 {rxliffim'
889 3507 1118 3612 depromam.

218 3737 222 3750 ·
262 3709 299 3788 Si
311 3707 398 3814 quid
415 3705 574 3790 iudicate
585 3709 739 3816 possum,
763 3705 994 3794 statuendum
1005 3709 1044 3790 in
1057 3709 1115 3792 his
1133 3733 1219 3788 an-
1259 3671 1260 3752 ἶ

268 3857 282 3868 ··
945 3847 948 3854 2
1164 3833 1222 3888 te
