2434 4418
1 295 3 408 s
78 419 83 426 ¹
155 303 158 308 ’
208 249 1002 442 ·nvuo1axnmuo.j''1i‚

1 461 3 554 b
38 485 252 586 minerfitat'e
279 503 372 598 hac,
410 505 451 582 in
474 507 600 610 quauis
622 491 844 611 eius‘parte,
873 507 913 584 in
936 505 1004 586 fin-

82 607 120 684 iis
143 606 384 706 animantibus
413 624 501 700 res,
548 608 736 710 qualitates
763 609 1025 712 proprietates·
1063 637 1067 644 ·
1126 645 1152 668 -·

71 731 111 787 nt
140 732 267 802 natura
297 707 356 786 sua
396 707 500 796 modi
537 709 662 790 omnis
697 709 860 787 nesciae:
906 709 1006 790 adest
1056 745 1096 768 .,
1136 793 1141 807 Ι

36 808 292 926 igiturvbique
320 808 517 890 infinitum.
590 814 645 888 At
661 799 777 890 *mens‘
803 831 842 888 et
869 807 1009 914 sapien·

39 933 82 988 ua
112 911 233 990 druina
252 910 450 988 terminum
478 929 517 988 et
549 909 696 990 finitum
723 909 883 1005 addidit,
909 937 1008 1015 quae
1051 942 1057 950 ·
1124 993 1128 1000 ,

35 1011 171 1114 ignem,
197 1011 324 1115 frigus,
350 1010 560 1106 humidum,
584 1009 737 1102 srccum',
752 1012 904 1107 durum,
931 1024 1008 1116 gra·
1128 1015 1133 1028 ’

38 1137 99 1200 ue,
131 1114 245 1192 moise
254 1168 266 1208 ,
285 1115 544 1214 uoluptatem,
576 1111 767 1207 dolorem,
808 1115 1006 1232 etreliqua
1079 1133 1087 1148 ·
1129 1205 1136 1213 ⁴

1 1256 2 1273 ι
38 1213 135 1292 certis
151 1215 287 1332 ubique
298 1213 440 1316 legibus
454 1213 622 1308 definiuit
636 1216 683 1294 ad
707 1213 860 1294 vniuer‘sr
888 1241 1006 1294 omm-

1 1855 2 1870 κ
38 1846 194 1924 vagantes.
207 1821 379 1920 libidines
398 1827 556 1904 cu'e'rcet.
608 1824 689 1908 ,Est
705 1849 798 1926 ergo
814 1847 852 1902 et
867 1827 905 1902 in
924 1827 1006 1904 viro
1065 1827 1070 1834 '
1107 1807 1117 1850 ³
1138 1811 1152 1820 ’

37 1339 163 1418 umque
178 1341 255 1394 etus
272 1315 425 1418 partium
449 1313 598 1396 salutem
620 1315 851 1398 firmandam:
880 1320 1008 1420 Itaque

40 1439 77 1490 et
89 1415 225 1496 finitum
240 1415 301 1496 scu
315 1416 493 1510 terminus
509 1417 642 1520 vbique
663 1419 787 1502 exstat
851 1420 896 1496 In
910 1421 1005 1522 quo.-

42 1519 255 1598 uirhomine
270 1512 604 1622 cupiditates'sunt,
629 1519 923 1622 quibusrnullum
944 1543 1006 1598 na·
1111 1551 1120 1568 ⁸

38 1639 127 1698 rurae
149 1620 317 1698 modum
330 1617 464 1722 posuit:
505 1641 541 1696 at
563 1618 628 1698 viri
645 1619 811 1725 sapientis
837 1623 930 1700 ratio
952 1622 1007 1700 his

39 1722 221 1800 terminum
245 1743 284 1798 et
304 1717 449 1798 finitum
481 1719 624 1816 adiicit,
662 1745 700 1802 et
722 1745 823 1802 certe
844 1721 1006 1802 mensura

40 1920 188 2025 sapiente
212 1957 325 2028 nuque
345 1957 400 2022 aar
421 1957 576 2029 onager,
587 1926 737 2026 finitum
759 1947 798 2004 et
822 1926 1005 2026 infinitum.

39 2024 214 2130 Suspicor,
240 2025 491 2130 forealiquor,
542 2025 576 2104 ui
591 2024 718 2104 dicent
731 2029 813 2104 non
829 2024 936 2104 nimis
950 2051 1008 2104 re·
1113 2067 1117 2075 ,

41 2127 218 2206 conditam
242 2149 284 2204 et
307 2123 496 2206 sublimem
515 2052 620 2206 bant
643 2127 715 2206 esse
739 2130 930 2206 Socnarrs.
948 2127 1013 2204 vel.

1 2233 3 2328 s
40 2225 257 2308 Puarourssa
286 2227 452 2317 ientiam;
466 2253 592 2308 verum
609 2233 649 2308 in
663 2228 698 2308 se
707 2228 849 2322 facilem
861 2251 1008 2333 cruper-

43 2341 130 2420 tam,
153 2253 304 2430 potuide
321 2329 548 2410 haecomnia
563 2331 714 2434 simplici
735 2331 1006 2436 rationeetpb·
1067 2429 1070 2436 ,
1121 2385 1124 2392 -

40 2426 209 2526 puiaribus
218 2430 337 2510 verbis
350 2431 551 2510 enunciari:
578 2431 1006 2512 neclaudandosidcirco

41 2525 1007 2636 esseboshomines,quodnouisvocabuiisetdifferen·
1130 2597 1140 2610 ,
1195 2527 1201 2534 ’

43 2623 719 2730 disubtiiitateobscuriorafeceriutea,
749 2639 890 2738 quaein
902 2633 937 2712 se
946 2659 1009 2737 pa·

38 2747 117 2807 rum
127 2729 498 2820 habentobscuritatis.
530 2737 628 2816 Cum
637 2737 772 2840 hisego
781 2757 1008 2838 magnopere
1037 2743 1040 2772 '

36 2825 365 3014 haudpupnauerim
375 2835 562 2914 hocloco:
587 2833 730 2916 fatebor
739 2835 907 2941 potiusin
917 2839 1007 2914 Pca·
1035 2919 1040 2932 .
1116 2861 1119 2869 ’

38 2952 141 3019 Toros
157 2962 182 3038 ρ
197 2937 337 3040 erisque
358 2935 660 3042 disputationibus
677 2935 1008 3034 demonstrandiset

38 3027 188 3118 docendi
202 3039 297 3116 viam
313 3039 419 3118 nimis
439 3037 527 3119 mihi
548 3041 718 3142 longam,
743 3037 955 3144 impeditam
968 3060 1007 3132 tt
1086 3105 1090 3110 .

40 3140 201 3244 wulgari
219 3164 327 3244 captu
350 3163 549 3238 remotam,
574 3146 782 3222 orationem
798 3141 915 3218 multo
932 3165 1026 3216 ma··

42 3233 285 3358 gitpoa'e'ticam
298 3263 337 3322 et
351 3242 555 3345 figuratam,
586 3265 694 3346 quam
717 3243 866 3347 fimplex
879 3241 1008 3320 verita·
1058 3313 1062 3322 .

41 3347 178 3422 ilSratro
193 3347 350 3445 patitur,
374 3343 497 3424 videri.
546 3345 618 3424 Sed
630 3345 816 3425 recordari
832 3343 1007 3424 tamensi·
1110 3384 1118 3394 ·

42 3442 101 3518 nu
114 3469 252 3522 omnes
267 3445 396 3538 velim,
421 3443 521 3526 suum
536 3448 669 3565 cuique
682 3447 871 3550 ingenium
886 3467 924 3524 et
937 3469 1007 3524 tra·

39 3529 142 3624 demi
158 3545 313 3624 modum
327 3547 416 3642 effe,
440 3547 544 3651 quod
552 3547 748 3655 sapientem
757 3573 876 3652 aequo
884 3545 1007 3628 animo

40 3631 119 3724 ferte
136 3671 310 3752 oportet,
329 3675 529 3752 grauesque
550 3653 718 3730 Ptarour
737 3647 886 3732 sortaffis
908 3647 1007 3730 fuisse
1087 3711 1090 3722 .

39 3746 179 3842 ausus,
205 3775 293 3852 quas
309 3750 657 3854 ignoramushodie,
681 3777 746 3830 cur
760 3751 1008 3854 inusitatapas⁷

40 3834 91 3920 sun
105 3849 282 3929 vocabula
298 3853 467 3932 circuitus
483 3875 520 3930 et
536 3851 791 3933 obscuritatem
805 3853 866 3932 fim
894 3851 1010 3930 licita·
1105 3901 1111 3922 ι
1140 3897 1144 3900 -

39 3938 110 4027 titt
130 3949 299 4034 breuitati
318 3953 524 4059 praeferret.
706 3979 709 3984 ¹
825 3879 1008 4043 §.biviis
