2482 4340
45 271 51 277 ’
152 287 481 376 nervuum
509 287 833 371 ucaneurcn.
908 313 981 394 529
1051 345 1054 356 .

9 483 92 569 ster,
117 480 362 554 Ouuarissun
379 476 547 564 lvvruts,
574 459 776 570 modestiae
788 468 991 577 plenus'et*

9 583 91 660 retli
121 581 234 671 moris
256 576 420 678 pignoris
442 573 529 649 milti
554 571 642 650 loco
665 575 737 663 est,
756 577 897 652 ciuibus
915 577 988 664 ,me'
1099 595 1102 606 '

9 683 150 760 usurum
167 680 236 756 else'
254 676 376 762 bonit,
390 674 565 760 honestis,
581 673 651 778 piis
667 697 725 772 et,
737 675 842 778 quod
858 677 982 754 omnia

9 782 283 886 ¹eomplec'litur,
308 776 433 854 illustri
459 779 527 854 hac
554 800 593 853 et
619 781 743 854 multis
767 779 981 856 nominibus

9 883 144 964 :elebri
161 879 359 958 Academia
375 875 502 980 dignit.
581 881 982 982 Securns'igitursutu·
1067 881 1077 895 '

9 987 30 1066 ’ἱ
55 984 100 1062 id
126 1005 227 1084 agam
256 1003 426 1072 tantum,
460 977 565 1080 quod
593 981 772 1057 maiorum
808 1005 931 1058 mores
962 1005 992 1058 a·
1057 1005 1062 1014 ·

9 1111 109 1166 rouo
141 1083 385 1199 Pro-Reflore
415 1080 592 1184 pullulat,
623 1083 724 1159 breui
751 1101 791 1160 vt
813 1083 983 1160 oratione
1067 1109 1075 1130 ¹

9 1188 157 1268 austum
184 1184 293 1262 veluti
316 1207 429 1260 omen
453 1181 511 1260 sex
534 1181 602 1259 illis
625 1182 824 1278 menibus,
845 1185 983 1287 quibus

9 1289 49 1368 rd
92 1286 303 1364 ubetnacnla
322 1285 443 1362 nostra
457 1283 614 1372 sedebo,
634 1286 845 1387 praebeam·
892 1289 982 1388 Sup-

9 1313 221 1470 ›erlitabtmt
240 1387 329 1464 mihi
351 1386 500 1464 dicendi
525 1387 708 1465 materiam
735 1387 985 1490 Antiquitates

9 1490 404 1572 itterar'iarumillarum
429 1487 665 1576 societatum,
690 1513 779 1592 quas
808 1487 984 1588 Vniuerſs-
1068 1521 1070 1547 ν

9 1617 97 1674 rates
111 1589 170 1669 seu
187 1592 394 1670 Academias
408 1589 618 1668 nominant:
644 1590 776 1668 Dicam
790 1587 983 1668 'dernnv-

9 1723 45 1772 ut
76 1695 262 1770 Recroms
288 1697 520 1776 Acaotnrct,
556 1694 870 1792 atque.0uromts
891 1689 985 1770 illius

9 1793 240 1896 inuestigabo.
320 1795 592 1894 Argumentum
624 1789 760 1868 humile
793 1789 873 1878 est,
911 1815 984 1870 nec

9 1900 142 1975 :ultum
157 1891 334 1970 orationis
359 1915 397 1970 et
416 1891 662 1994 eloquentiam
686 1890 861 1968 admittit:
883 1891 984 1970 idem

9 2022 126 2076 :amen
150 2019 264 2097 quum
287 1995 366 2071 nou
391 1993 630 2076 iniucundum
651 1991 710 2086 stt,
735 2017 814 2072 non
830 1989 985 2090 dubito,

9 2101 94 2198 quin
107 2084 237 2196 aequas
254 2117 292 2188 et
311 2093 513 2172 beneuolas
533 2118 637 2182 ¹aures
659 2093 797 2172 oratori
814 2091 985 2202 simplici,

9 2185 747 2306 parumquesacundocommodaturisatis.
796 2215 800 2222 '

55 2400 182 2494 Quum
198 2393 411 2492 certumst,
436 2401 670 2492 nutritoris,
694 2423 771 2478 non
792 2395 889 2504 ipsos
911 2396 988 2502 pal*

9 2501 100 2577 lium
117 2499 186 2578 hoc
201 2523 442 2604 purpureum,
468 2501 572 2601 quod
591 2499 742 2596 videtis,
758 2497 917 2578 humeris
933 2497 986 2575 su·
1102 2549 1109 2560 -

9 2605 36 2679 is
49 2600 254 2704 imposuisse
274 2600 553 2679 Academiarum
572 2601 765 2697 Resloren
791 2623 868 2677 non
889 2604 900 2676 i
930 2599 988 2678 sos

9 2705 98 2780 staec
116 2701 178 2779 fibi
194 2703 351 2808 sceptra,
365 2723 459 2805 quae
501 2699 661 2778 otestatis
677 2698 773 2802 signa
785 2699 875 2795 sunt,
893 2625 989 2778 siim-
1100 2723 1101 2726 ‘

9 2805 98 2894 sule,
124 2802 185 2880 sed
205 2805 249 2880 ab
263 2803 355 2896 illis,
383 2805 446 2906 qui
467 2727 670 2905 llipreumm
693 2805 731 2879 in
754 2801 900 2881 ciuitate
919 2801 988 2877 im-

9 2905 150 3006 perium
165 2906 320 3000 habent,
345 2904 539 3008 accepisse,
565 2903 628 2981 diu
644 2903 714 2996 est,
741 2930 854 3004 quum
869 2924 988 3082 ⁸guae-

9 3029 133 3084 retent
151 3007 219 3083 viri
239 3005 389 3099 eruditi,
412 3008 556 3084 cuinam
577 3028 744 3082 ornatum
762 3007 861 3083 hunc
903 3003 989 3083 ebe·
1030 3007 1033 3012 ’

9 3133 84 3200 ant,
105 3120 265 3207 'quarum
288 3113 407 3185 rernm
428 3108 538 3188 caussa
559 3107 784 3208 potisfimum
804 3105 911 3188 datus
926 3104 988 3182 su?

9 3211 229 3286 Communis
243 3206 556 3288 fereconsuetudo
571 3208 653 3301 sert,
671 3231 710 3287 vt
725 3209 769 3288 ab
786 3215 988 3313 Imperato-

9 3309 108 3386 ribus
133 3331 170 3388 et
203 3308 441 3388 Pontificibus
464 3311 539 3390 hoc
567 3335 697 3388 munus
731 3309 777 3386 ad
804 3308 989 3411 Magistra-

9 3429 63 3489 tus
95 3409 258 3488 emditos
283 3409 485 3516 peruenisse
511 3413 797 3514 dicamus,'quo
827 3409 990 3513 Regibus

9 3509 292 3610 quodammodo
307 3531 545 3615 aequarentur
560 3535 598 3588 et
613 3511 715 3615 supra
728 3537 874 3590 ceteros
890 3511 990 3589 ciues

9 3613 283 3709 extollerentur.
354 3617 460 3692 Haec
474 3611 682 3716 responsio,
707 3611 778 3692 falsi
797 3616 884 3692 licet
898 3613 1011 3690 nihil»

9 3711 156 3807 lrabeat,
180 3711 275 3794 fitim
301 3737 425 3796 tamen
450 3715 622 3896 ecclenldit
641 3716 773 3818 magis,
797 3739 990 3892 qunmstex·
1091 3814 1094 3823 Ι

946 3839 988 3892 ῃ.
