2458 4340
138 167 144 188 ²
166 175 324 316 „aba
349 169 632 303 nourunun
658 219 784 300 non.
813 216 1070 346 sannonts

161 403 370 508 impolitam
392 405 601 488 orationem
618 400 829 505 sequuntur.
902 403 978 484 Sibi
998 402 1082 483 solis
1097 401 1148 484 ad

32 599 33 602 g
166 527 369 584 extremum
398 527 550 592 canant,
586 505 697 582 nobis
723 519 891 607 parcant,
923 506 994 610 ‘qrn
1018 528 1146 592 namra

165 603 580 708 ipsamagiliraacduce,
596 605 668 684 sine
677 629 935 710 praeceptore,
953 605 1026 686 fine
1042 631 1147 689 exer-

40 723 100 788 ·‘·,
166 710 364 800 citatione,
380 705 425 782 ad
441 709 638 808 germanici
652 707 825 789 sermonis
838 707 1145 812 facultatemque·

49 805 55 824 ’
130 880 132 884 ,
166 810 211 889 lis
240 810 339 886 vitos
366 807 498 897 dusios
516 831 556 888 et
579 810 756 896 honestos
785 808 916 895 deeet',
949 809 1144 914 peruenire

89 959 94 980 ν,
165 907 270 1016 polle
297 907 532 1001 arbitrantur,
562 913 773 1016 patriaeque
793 910 935 990 idcirco
966 913 1149 1013 eloquen-

96 1019 97 1022 ‘
168 1011 241 1114 tiae
256 1007 396 1090 scholas
407 1011 584 1096 ‚claudere
598 1013 734 1092 iubent.
785 1011 975 1092 Habemus
994 1011 1033 1090 id
1048 1038 1069 1089 a
1083 1037 1151 1090 na-

166 1135 247 1193 tura
261 1135 299 1190 et
314 1111 554 1206 educatione,
574 1138 614 1192 vr
630 1113 733 1216 loqui
747 1135 786 1200 et
802 1113 934 1215 garrire
951 1138 1152 1216 queamus,

121 1243 125 1252 ¹
166 1236 325 1318 vtapte,
350 1231 392 1292 tlt
404 1215 624 1315 prudenter,
646 1215 873 1298 vtsetmonis
880 1269 891 1310 ,
905 1240 1078 1331 rerumqe
1090 1215 1152 1294 in-

72 1363 74 1370 ‹
164 1313 246 1394 doli
263 1315 532 1395 conuenienter
541 1319 751 1422 loquamur,
777 1316 981 1396 idautartis
996 1340 1034 1394 et
1048 1316 1152 1396 ansti-

65 1462 72 1492 t
152 1417 337 1507 tutionis,
363 1440 424 1494 aut
450 1416 530 1496 vsus
557 1442 596 1498 et
622 1417 897 1498 consuetudinis
924 1415 1153 1518 beneficium

165 1519 230 1598 eli.
274 1571 279 1590 .
305 1519 391 1634 Qa
415 1519 454 1596 iu
470 1543 510 1597 re
525 1519 548 1598 fi
565 1520 674 1600 nobis
689 1521 843 1601 credere
863 1517 1048 1612 recusant,
1070 1520 1155 1622 qui·

168 1622 240 1700 bus
263 1644 385 1698 omnis
406 1621 663 1727 intempestiua
684 1645 722 1700 et
734 1645 860 1725 parum
880 1619 1074 1700 necessaria
1088 1619 1152 1698 du-

66 1759 69 1768 ·
166 1723 262 1802 citur
285 1746 390 1812 cura,
423 1749 517 1826 quae
547 1725 745 1806 vernaculo
774 1721 934 1802 sermoni
962 1721 1150 1814 tribuitur,

164 1823 343 1903 Romanis
365 1821 453 1918 fiais,
478 1849 577 1927 quos
598 1826 636 1904 in
659 1825 775 1904 oculis
795 1823 947 1914 serunt,
978 1823 1148 1904 credam:

164 1925 238 2008 hos
254 1926 353 2006 enim
372 1932 581 2030 accepimus
597 1931 636 2006 in
651 1925 725 2030 ipsa
740 1926 840 2004 latini
856 1923 1034 2024 sermonis
1050 1925 1153 2012 sede.

76 2113 81 2118 ,
165 2025 292 2134 inipsa
309 2029 417 2117 vrbe,
437 2053 518 2106 non
533 2031 758 2106 Graecarum
772 2049 935 2116 rantum,
959 2025 1022 2106 sed
1045 2027 1159 2104 etiam

82 2169 88 2181 s
166 2131 414 2208 Romanarum
432 2127 633 2208 litterarum
649 2127 991 2234 ludos-appentilse,
1019 2128 1057 2206 in
1070 2127 1157 2228 qui·

110 2269 113 2278 ²
166 2229 239 2309 laus
256 2229 407 2332 ingenui
423 2228 739 2346 iuuenesprauum
752 2229 854 2310 illum
874 2227 1048 2334 loquendi
1062 2251 1149 2302 mo-

167 2355 270 2427 rem,
294 2356 408 2432 quem
422 2353 468 2410 ex
488 2353 651 2420 nutnce,
678 2333 873 2434 vernisque
892 2354 1013 2414 tenera
1028 2345 1155 2405 aetate

152 2429 376 2526 hauserant,
401 2431 646 2520 dediscerent,
675 2455 714 2514 et
727 2433 924 2537 sapienter,
949 2427 1159 2514 commode

170 2557 211 2614 et
222 2533 379 2613 scienter
403 2533 553 2614 dicendi
572 2535 674 2639 leges
689 2540 908 2639 acciperent.
951 2522 960 2544 “
988 2529 1161 2618 Credant

169 2639 263 2718 item
279 2639 443 2728 Francis,
468 2663 625 2738 quorum
639 2637 762 2718 mores
778 2661 816 2717 et
827 2637 1018 2740 ingenium
1034 2655 1159 2732 tante·

171 2765 263 2845 pere
285 2737 448 2841 plurimis
469 2737 625 2841 placent.
675 2743 773 2818 Nam
795 2740 863 2818 hac
879 2739 990 2834 etiam
1006 2735 1044 2816 in
1064 2757 1156 2841 gen·

170 2864 232 2928 te,
254 2840 307 2918 illi
349 2839 485 2920 uicum
499 2841 644 2946 populo
659 2839 840 2945 componi
855 2839 1008 2932 nolunt,
1021 2839 1060 2917 in
1076 2859 1162 2915 ver·

106 3005 111 3012 .
171 2866 478 3047 naculaeiinguae
496 2941 630 3044 regulis
644 2963 683 3020 et
696 2935 1162 3046 praescriptiscognoscen·

33 3067 38 3076 ·
172 3043 232 3124 dis
261 3065 404 3122 tantum
422 3043 551 3122 locant
564 3043 792 3145 diligentiae,
822 3065 998 3147 quantum
1020 3041 1078 3120 vix
1101 3040 1164 3118 in·

172 3167 233 3224 ter
258 3169 330 3234 nos
351 3143 402 3220 illi
425 3144 464 3221 in
486 3142 605 3222 latinis
624 3145 811 3246 elegantiis
833 3168 875 3224 et
887 3143 1038 3224 dicendi
1052 3165 1161 3246 prae

174 3249 294 3349 ceptis
328 3241 556 3323 addiscendis
585 3270 785 3348 ponnunt‚
845 3243 950 3330 trsbtrs
970 3249 1168 3326 Romanae

106 3437 111 3444 .
173 3345 366 3427 facundiae
380 3345 590 3454 procuratio
601 3271 867 3430 commlneit

174 3497 179 3506 Ι
227 3545 417 3626 Halienus
444 3573 536 3650 ergo
564 3569 627 3628 aut
647 3547 757 3645 nihil,
783 3569 846 3630 aut
868 3571 995 3654 parum
1014 3567 1087 3627 nos
1116 3543 1163 3623 ab

171 3644 248 3728 illis
268 3645 440 3751 seiungit,
466 3649 529 3751 qui
550 3675 747 3753 germanos
773 3651 876 3730 suam
890 3649 988 3756 ipsos
1000 3648 1165 3752 linguam

173 3747 387 3854 despicere,
419 3750 610 3854 negligere
623 3753 790 3858 etlonge
809 3751 1165 3940 instas-atinapltepg
