2538 4368
65 379 68 388 ,
126 275 132 303 ²
205 306 290 400 ³⁸
362 251 670 388 Meorre'slo
696 285 769 367 oe
788 285 875 378 DIE
890 285 1112 374 curren

236 471 402 554 formulis
424 468 604 548 illustrare
617 491 776 562 tentant-¹
842 471 968 574 Magis
987 485 1088 554 =vero
1108 472 1239 556 essent

48 577 60 662 ,’
125 656 131 668 ,
236 575 424 667 laudandi,
443 571 602 688 fi.‚quod
618 571 877 676 saepenumero
892 571 970 653 fieri
982 575 1112 668 video,
1129 578 1234 658 h'ae'c

236 679 315 756 duo
329 701 407 754 non
426 673 714 776 eomunderent:
739 673 827 775 quid
841 673 973 752 sedum
989 674 1051 756 fit?
1077 675 1231 780 etquid

235 780 313 858 fieri
326 775 462 880 poffit?
496 799 536 852 vt
551 776 696 853 tertium
714 799 814 854 nunc
828 776 1014 868 omittam:
1041 805 1119 880 quo
1131 779 1231 868 loco

237 903 275 960 et
288 876 630 958 occefionefecium
646 877 709 973 bt?
735 875 1026 979 Circumspedos
1040 904 1141 958 certe
1162 885 1232 962 vel

236 986 332 1061 cirea
358 977 632 1084 primumillud
658 1002 728 1056 nos
744 977 813 1056 ess'e
827 978 946 1056 decet.
1012 982 1103 1083 Qis
1124 983 1238 1064 enim

237 1084 429 1174 nostrum,
468 1101 598 1158 omnes
619 1079 713 1156 odeo
737 1079 908 1181 cognitos
933 1081 1042 1160 habet
1071 1081 1231 1186 scripto-

238 1211 323 1276 res,
356 1206 408 1272 vtss,
417 1181 465 1261 de
490 1203 663 1284 perpetua
686 1207 816 1258 eorum
844 1181 1108 1260 consuetudi-ne
1129 1191 1227 1262 certi

267 1284 440 1384 uidquam
455 1283 610 1360 statuere
625 1280 752 1384 poffit?
778 1289 918 1386 periere
937 1309 1088 1384 quoque
1101 1287 1226 1362 inuiti:

194 1441 199 1457 ·
237 1313 459 1468 delitescunt
484 1383 548 1460 alii.
618 1382 728 1460 Vnde
756 1409 845 1484 ergo
872 1385 1056 1462 certitudo
1077 1387 1226 1466 nostra?

237 1494 295 1584 Vp
313 1511 402 1564 vero
417 1487 511 1576 hanc
525 1483 694 1588 persaepe
708 1485 808 1586 posse
821 1476 988 1571 existere,
1004 1485 1235 1585 concedam,

237 1589 332 1672 mole
349 1612 471 1682 temen
486 1587 605 1666 statim
619 1585 665 1664 ad
682 1587 833 1666 alterum
849 1585 939 1664 illud
956 1588 1231 1692 progredimur.

238 1691 343 1772 Plura
356 1715 435 1766 non
451 1687 544 1775 fiunt
558 1711 618 1768 rot
632 1687 721 1766 fabia
736 1686 840 1780 sont,
882 1713 975 1790 quae
996 1687 1145 1794 poliunt
1159 1715 1230 1771 rut

238 1815 395 1896 potuere
414 1788 504 1896 fieri:
561 1793 653 1868 Non
669 1789 744 1868 hoc
769 1789 883 1890 agitur
902 1791 974 1868 viri
994 1791 1228 1882 celeberrimi,

237 1918 286 1972 an
302 1918 433 1970 omnes
447 1891 498 1968 ite
510 1889 625 1970 locuti
642 1889 738 1973 fior?
774 1893 865 1966 Hoc.
878 1891 1074 1993 quaeritur:
1106 1917 1153 1972 an
1163 1893 1231 1972 in.

237 1992 343 2072 doles
369 1993 520 2094 linguae
543 2015 603 2069 aut
632 1991 729 2070 aliud
757 1989 952 2092 quidquem
981 1993 1226 2095 prohibeant,

236 2122 316 2198 quo
334 2095 454 2172 minus
470 2121 516 2170 eo
533 2092 635 2170 sensu
651 2094 730 2195 quis
746 2093 849 2194 ioqui
871 2093 1006 2195 poffit?
1045 2095 1136 2172 Hoc
1153 2094 1226 2176 nifi

235 2195 452 2274 ostendatur
465 2195 554 2284 nihil
568 2193 658 2275 certi
673 2193 722 2270 de
739 2219 820 2270 vere
838 2195 1025 2274 cuiusdam
1041 2193 1229 2278 fonnulae

235 2301 397 2385 potione
412 2322 461 2373 ex
469 2296 544 2372 aliis
560 2295 653 2372 locis
668 2295 840 2373 concludi
857 2295 988 2398 potest
1045 2298 1119 2396 Qi
1130 2286 1229 2380 burc

236 2398 326 2476 loco
349 2421 433 2474 non.
448 2395 528 2474 satis
547 2398 665 2500 probe
681 2398 874 2486 conuenit,
907 2395 1137 2498 fignificatus‚
1166 2397 1220 2472 al-

105 2577 107 2586 ,
150 2579 153 2592 ,
235 2501 303 2578 teri
318 2497 414 2576 forte
429 2499 530 2574 aliter
544 2497 746 2576 constituto
769 2519 854 2600 apte
869 2504 1072 2583 conuenire
1081 2495 1224 2600 potest.

171 2663 172 2671 r
238 2598 382 2706 Qodfi
397 2595 465 2675 tibi
481 2599 616 2702 itaque,
636 2601 695 2677 vir
710 2599 942 2686 celeberrime,
959 2597 1228 2696 concederem,

136 2772 138 2780 s
236 2699 418 2786 formulae
439 2700 646 2778 huiusnon
667 2701 771 2780 eliam
794 2725 989 2778 occurrere
1013 2705 1230 2796 notionem,

236 2801 286 2881 de
302 2827 380 2904 quo
395 2821 519 2883 tomen
533 2801 652 2896 adhue
668 2801 839 2904 disputari
852 2803 992 2904 potest:
1028 2827 1117 2882 num
1130 2802 1227 2880 inde

236 2905 387 2994 viceris?
412 2902 619 2996 vixeredo.
687 2905 752 2980 Ille
769 2903 892 2996 enim,
926 2928 1037 3007 quem
1060 2903 1122 2980 alii¹
1138 2899 1230 2982 sub-

236 3005 421 3098 sternunt,
452 3003 570 3082 sensus
583 3003 716 3082 nullius
734 3005 880 3104 linguae
891 3026 1074 3106 repugnet
1086 3003 1231 3094 indoli3

207 3167 212 3176 ι
236 3105 326 3208 quin
349 3105 475 3211 potius
497 3110 690 3184 communi
711 3106 890 3205 loquendi
916 3105 1057 3184 ratione
1085 3103 1235 3187 confir-

235 3229 363 3288 matur.
421 3207 566 3284 Omnes
575 3223 594 3299 ,'
611 3231 706 3324 quos
718 3204 857 3298 adfers,
882 3207 956 3284 ioci
970 3207 1018 3284 de
1031 3207 1126 3286 veris
1140 3233 1234 3284 cor-

235 3307 496 3412 porelibusque
511 3305 705 3386 vifiombue
714 3307 893 3411 temporis
903 3307 1232 3412 cuiusdamegimt,

237 3405 337 3500 ¹eedo
368 3433 457 3486 vero
484 3407 621 3494 dium,
656 3434 733 3511 quo
758 3432 856 3486 vetes
883 3408 1032 3511 quidam
1058 3409 1235 3491 futurum

235 3507 426 3614 quoddam
445 3507 578 3593 mentis
595 3506 668 3588 sese
688 3509 760 3588 iam
781 3509 908 3588 videre
927 3509 1045 3590 oculis
1069 3511 1142 3604 ait,
1181 3531 1231 3590 et

238 3609 413 3706 ostende,
446 3610 541 3688 istud
556 3611 659 3688 illum
675 3611 854 3716 loquendi
868 3637 983 3714 genus
997 3611 1125 3688 sedulo
1142 3613 1233 3688 eui-

235 3709 320 3788 tasse
328 3764 341 3804 ,
374 3731 413 3788 et
422 3711 560 3816 primus
574 3737 659 3808 ero,
691 3714 753 3815 qui
776 3712 925 3789 herbam
951 3713 1030 3790 Tibi
1052 3711 1236 3831 porrigat.

238 3815 290 3896 Tu
306 3835 373 3900 ne,
413 3811 474 3892 vir
490 3812 661 3916 egregie‚·
678 3813 850 3916 negabis,
884 3835 1080 3895 euenmroe
1102 3816 1237 3995 ciffis.

1191 3943 1242 4002 ln
