2538 4368
212 231 302 311 os
328 211 491 310 outo
519 168 958 370 rueotoorco.
1014 261 1058 340 ι,
1143 325 1150 334 ,

93 439 130 494 tr:
153 439 244 496 nec
267 413 410 492 idcirco
432 413 565 492 iniuste
587 411 732 498 fecerit,
758 412 898 496 fiferro
920 440 958 498 et
970 417 1059 522 ipne'

85 517 275 597 editiosam
292 517 435 594 turbam
451 516 648 620 exstirpet,
659 538 720 594 aut
739 515 846 596 minis
870 543 908 596 et
923 523 1060 605 cruciu-

77 623 150 698 titus
169 615 410 698 a‘dofficium
427 617 559 696 reuerti
571 639 708 796 copat:
741 619 1058 798 Qpaequumme-
1126 699 1128 707 ,

73 749 139 800 urm
165 717 371 826 expendo,
395 718 579 798 lenitatem
603 720 699 796 ilem
720 741 759 796 et
806 722 1057 812 umanitttem,
1157 785 1162 802 .

61 849 166 928 ‘pum
194 821 316 902 solito
339 821 457 898 multo
478 820 656 903 maiorem
677 843 787 925 caput
816 845 855 900 et
883 847 1057 927 proceres

67 927 224 1005 lontani
252 945 389 1002 coetus
411 947 495 1025 erga
515 922 719 1008 haereticos,
746 923 963 1027 nequod
976 952 1059 1004 rno-

66 1029 247 1106 destiores
268 1025 397 1102 dicere
418 1013 577 1111 malunt,
585 1016 630 1124 se
652 1047 790 1124 regator
801 1022 949 1127 fratres
972 1031 1066 1129 prae
1094 1039 1099 1044 '
1219 1080 1221 1088 ,

65 1131 93 1208 se
116 1129 250 1207 serunt
269 1125 410 1210 hodie,
434 1127 544 1202 rebus
568 1126 609 1228 ip
624 1151 652 1202 ts
677 1151 802 1228 parum
823 1126 1057 1208 consentien-

65 1227 411 1311 temetsrmulatam
436 1227 520 1313 else,
539 1224 710 1329 suspicor.
762 1228 945 1306 ernirum
964 1231 1056 1310 dum
1166 1298 1173 1316 ,

64 1337 168 1409 hanc
190 1329 374 1408 tenebunt
395 1351 434 1405 ct
460 1350 565 1406 caute
595 1327 805 1406 custodient
824 1327 1054 1420 sententiam,

28 1513 31 1526 Δ
59 1457 223 1538 regnare
245 1433 404 1534 aliquem
427 1431 523 1508 inter
544 1429 714 1508 homines
741 1453 809 1532 pto
825 1435 1005 1512 Cnttrs'r·
1015 1461 1055 1530 0,

62 1561 227 1640 eumque
242 1533 375 1612 iisdem
392 1531 443 1610 vti
458 1529 649 1610 maiestatis
666 1531 814 1620 iuribus,
839 1535 967 1639 quibus
983 1561 1054 1641 po·
1086 1539 1088 1546 ’
1220 1611 1224 1624 ,

63 1639 239 1756 pulontm
265 1633 445 1712 tenores:
480 1633 578 1712 inter
599 1659 692 1736 quae
714 1632 787 1710 stne
807 1636 1054 1718 controuersia

65 1765 120 1816 rus
142 1741 197 1816 est
223 1737 327 1814 bello
352 1735 451 1814 ciues
474 1761 571 1814 nour
594 1735 788 1812 molientes
803 1735 973 1836 etlegum
992 1763 1053 1816 au·
1118 1733 1121 1738 ’

65 1839 275 1918 cleritatem
297 1835 510 1941 spernentes
532 1834 773 1940 persequendi
803 1857 841 1912 et
869 1835 1053 1940 suppliciis
1112 1893 1114 1900 ·

65 1940 290 2022 co'e'rcendi:
328 1938 338 2014 i
369 1935 392 2014 sr
415 1935 477 2015 stbi
500 1959 631 2015 omnes
653 1935 779 2012 fontes
801 1939 991 2040 aequitatis
1014 1963 1053 2018 et

21 2039 23 2082 l
66 2044 209 2122 tmoris
225 1963 531 2120 indisiintientes
554 2039 755 2116 obstruent.
807 2041 947 2118 Verum
962 2042 1053 2132 haec

62 2142 307 2234 illividerint,
332 2143 378 2218 ad
399 2166 495 2245 quos
517 2140 718 2244 pertinent:
741 2138 852 2218 nobis
872 2141 1053 2224 ostendis·
1088 2209 1095 2214 .

61 2245 100 2326 se
114 2242 280 2333 sstisest,
303 2245 408 2330 illud,
429 2241 764 2344 dequoloquimur‚
785 2243 928 2334 odium,
953 2272 1054 2350 quo·
1147 2323 1154 2335 ,

59 2351 162 2428 niam
180 2347 296 2426 totius
312 2345 398 2446 secti
416 2345 555 2422 ordinis
563 2343 632 2424 else
639 2343 766 2428 sertur,
790 2341 920 2424 distare
935 2349 1050 2438 abeo,

61 2449 175 2555 quod
192 2471 290 2526 certe
302 2445 479 2552 quaedam
497 2469 693 2551 praecepta
710 2466 749 2520 et
763 2441 947 2551 dogmate,
967 2473 1050 2528 non
1110 2529 1113 2545 ,

54 2555 109 2629 ab
128 2549 307 2625 omnibus
320 2569 481 2649 recepte,
509 2548 664 2650 pariunt

100 2645 217 2732 His,
242 2671 328 2747 quae
340 2673 628 2729 commemorata
648 2649 742 2740 sunt,
768 2653 958 2755 amputatis
975 2673 1050 2730 ete

54 2747 320 2857 disputatione
336 2751 456 2830 nostra
479 2749 638 2837 seclusis,
671 2754 803 2854 liquet,
837 2777 876 2830 vt
898 2757 1049 2856 opinor,

55 2879 146 2939 eos,
175 2855 240 2953 qui
253 2877 321 2932 nos
334 2851 948 2932 omniumhominumbiliofiffimos
962 2851 1049 2940 effe,

20 2953 22 2986 ¹
51 2953 276 3062 perhibent,
302 2956 377 3060 hoc
397 2951 632 3060 significatum
650 2955 758 3044 velle,
780 2954 898 3034 inodo
918 2951 1049 3057 fignifi·
1092 3023 1096 3032 .

20 3059 22 3118 ἶ
53 3081 144 3135 care
160 3055 314 3158 aliquid,
338 3083 419 3134 non
435 3053 666 3144 maledicere,
693 3081 754 3150 aut
775 3058 902 3138 ludere
919 3055 1048 3151 velint,

20 3183 22 3202 ’
49 3161 176 3238 latere
190 3157 229 3234 in
247 3159 435 3236 mentibus
448 3159 598 3236 omnium
615 3185 758 3247 eorum,
782 3159 916 3262 quibus
939 3158 1048 3236 Theo-

53 3265 220 3362 logorum
246 3283 388 3337 nomen
413 3259 642 3346 inscribitur,
677 3263 887 3364 igniculos,
919 3257 1047 3348 nescio

53 3385 172 3464 quos,
196 3385 268 3436 nec
280 3361 381 3439 vnde
395 3381 515 3450 natos,
541 3361 674 3463 quibus
688 3363 746 3440 vel
766 3358 969 3442 tenuissima
984 3387 1056 3440 au,

48 3489 85 3541 rr
101 3458 249 3556 afflatis,
273 3461 407 3564 ingens
420 3463 492 3542 irae
506 3485 544 3541 et
557 3461 634 3540 odii
649 3465 791 3542 flemma
805 3463 941 3548 existat,
962 3462 1045 3540 nul-

47 3565 92 3642 lis
116 3563 237 3642 rebus
256 3565 347 3652 aliis,
370 3589 482 3667 quam
500 3587 564 3642 eut
583 3589 718 3652 morte,
743 3587 804 3644 aut
826 3565 956 3646 humili
979 3562 1044 3642 de·
1227 3647 1228 3653 Ν

49 3665 275 3768 precatione
290 3691 435 3752 eorum,
460 3665 628 3768 aquibus
644 3665 802 3746 deriuata
818 3669 883 3756 est,
910 3663 1045 3745 exstin·
1097 3657 1109 3690 ⁸
1225 3695 1227 3768 5

51 3765 219 3870 guende
293 3770 337 3848 ln
357 3792 435 3874 quo
457 3788 689 3850 tamennon
708 3795 758 3852 eo
781 3793 897 3875 vsque
922 3763 1043 3950 ipiqpi
1222 3867 1225 3928 l

605 3887 616 3898 ·
960 3887 1009 3943 un
1218 3929 1224 3951 .

1219 3343 1232 3396 s
