2506 4362
115 197 128 318 ζ
162 217 310 346 χάς4
399 205 619 322 ot'ssnnm
639 197 720 314 oe·
738 179 1053 344 cmnrroun
1067 287 1083 338 ,.

235 421 310 515 est,
337 441 490 524 quantas
512 419 679 501 exditent
687 417 902 524 tragoedias.
967 421 1158 526 Namque
1178 423 1224 502 de

149 524 156 544 ‘
231 513 302 604 hac
325 521 488 618 notione
508 519 698 610 materiae,
721 520 770 600 de
785 545 869 602 ortu
883 519 985 616 eius,
1006 517 1061 598 de
1084 523 1224 624 affedi-

112 704 117 712 ,
236 623 305 704 bus
325 623 423 720 eius,
458 648 536 702 non
555 619 657 702 secus
675 621 901 724 deliberant,
938 644 977 702 et
1006 621 1222 728 disputant,

148 791 151 804 .
232 723 326 806 aest
353 724 543 804 hominem
597 723 768 810 uemdam
796 746 857 804 aut
890 723 1020 802 animal
1037 751 1219 804 contem·

232 825 480 932 plarenturet
496 847 593 905 mant
619 849 661 907 us
680 823 967 904 contredta'rent:
1008 827 1130 942 quod
1142 827 1218 941 qui-

77 971 84 980 ·
150 925 153 932 '
232 927 321 1022 dem
351 952 397 1017 ex
423 927 578 1009 Pnnrrut
596 920 692 1004 libro
713 925 757 1006 de
778 927 932 1007 materia
961 947 1000 1004 et
1028 927 1116 1006 alais
1146 951 1218 1006 erus

200 1063 213 1076 ··
232 1028 378 1134 generis
405 1025 776 1106 commentationibus
801 1043 959 1208 apparet.
1026 1029 1219 1120 durarent,

231 1131 299 1233 qui
313 1126 486 1231 nonsatis
502 1123 829 1232 gnarisuntrerum
872 1131 953 1206 uius
966 1125 1110 1222 sedne,
1139 1155 1214 1208 rem

230 1227 387 1312 maxime
401 1255 547 1332 grauem
556 1250 595 1306 et
604 1227 729 1308 seriam
743 1227 819 1332 agi,
845 1227 1211 1349 Platonicisquepet·

88 1327 93 1335 ’
171 1324 175 1332 ’
229 1317 367 1420 suasum
389 1329 477 1424 effe,
510 1327 695 1424 exstitiffe,
719 1353 909 1434 antequam
929 1329 1034 1408 fieret
1049 1331 1204 1436 ahquid,

173 1450 176 1464 ’
230 1431 414 1512 materiam
427 1429 786 1534 quamdamethanc
803 1427 1021 1510 materiama
1037 1433 1136 1512 Deo
1155 1431 1209 1512 ad·

229 1529 510 1628 hibitamfuiffe‚
531 1557 643 1638 quum
657 1533 834 1612 mundum
855 1529 995 1636 fingere
1010 1533 1151 1620 velletr
1176 1553 1210 1610 at

229 1633 295 1738 qui
309 1633 520 1737 diligentius
541 1633 777 1751 perpendunt
788 1633 933 1720 omnin,
967 1659 1039 1714 nec
1063 1641 1208 1738 integu-

139 1818 141 1825 ,
230 1734 365 1816 mentis
384 1736 576 1816 rethoricae
598 1756 637 1814 et
656 1731 812 1840 po'e’ticis
832 1733 904 1814 sese
923 1734 1050 1816 deludi
1071 1737 1205 1824 smunt,

208 1835 282 1926 ‘illi
296 1832 346 1916 de
357 1837 513 1944 notione
545 1833 675 1914 uadum
689 1836 809 1930 animi,
831 1837 881 1916 de
894 1835 1205 1939 abstrudinrequa·

230 1937 317 2020 dam
335 1937 501 2042 mentali,
519 1863 576 2014 de
590 1939 671 2016 idea
684 1937 879 2028 Platonica,
902 1959 978 2016 tant
997 1939 1205 2026 verbosam,

230 2035 381 2143 longam
395 2033 616 2146 etspinosam
629 2033 932 2146 disceptationem
944 2039 1144 2123 institutam
1153 2061 1206 2116 es·
1234 2113 1235 2151 ἦ

231 2141 281 2234 se,
296 2139 431 2222 vident.
485 2139 595 2219 Hanc
609 2137 1202 2244 illinotionemdigitisfetedime·

155 2259 160 2270 ¹
233 2241 391 2330 duntur:
417 2239 513 2316 hanc
525 2239 566 2316 in
580 2237 857 2320 omnesversanr
870 2261 1017 2346 partes:
1035 2239 1208 2316 hancde-

231 2343 345 2446 nique
358 2339 396 2427 id
403 2334 527 2420 nescio
541 2365 633 2444 quae
645 2343 808 2424 membra
827 2343 955 2424 iterum
973 2335 1204 2451 discerpunt,

231 2445 273 2524 in
314 2467 444 2522 uorum
458 2440 747 2522 confideratione
760 2465 834 2522 tam
847 2436 1016 2524 acutisutt
1036 2461 1072 2516 et
1093 2459 1206 2538 ange·

153 2596 158 2608 ,
233 2467 346 2640 nidifi,
377 2565 419 2624 vt
452 2537 759 2646 diligentiffimum
795 2545 905 2624 etiam
938 2539 1205 2647 speculatorem

120 2645 151 2724 ‘a
232 2645 494 2765 saepenumero
511 2639 727 2750 effugiantet
741 2642 874 2726 fallant.
921 2638 1233 2763 Qamquenulp

133 2799 136 2820 ·
233 2749 277 2828 hs
289 2749 329 2826 in
349 2745 459 2826 rebus
471 2743 608 2826 facilius
630 2743 860 2828 dissensiones
874 2767 1022 2826 etnxae
1042 2760 1202 2823 nnantur
1232 2755 1233 2789 ¹

68 3403 75 3422 a
232 3341 273 3456 do
290 3351 407 3432 modo
421 3351 528 3432 feren

232 2873 342 2952 quam
355 2849 394 2927 in
407 2849 494 2942 iuis,
516 2873 609 2954 quae
621 2849 666 2928 ab
680 2849 784 2930 omni
803 2845 904 2928 sensu
925 2865 1090 2935 remotae
1109 2837 1202 2934 sunt,

233 2976 306 3038 nec
318 2945 382 3028 nist
401 2972 525 3036 mente
539 2945 688 3054 prorsus.
702 2947 854 3031 adduda
872 2971 912 3028 et
931 2970 1107 3028 contenta
1123 2965 1201 3023 cer·
1231 3045 1232 3048 p

232 3049 568 3146 nuntur‚,ideofit‚
590 3049 685 3131 vtde
701 3051 808 3132 huius
816 3049 920 3128 ideae
928 3074 1054 3130 natura
1070 3067 1201 3154 etpro·
1231 3049 1232 3098 Ν

230 3149 459 3261 prietatibus,
481 3152 520 3256 in
533 3151 727 3253 certamina
746 3149 919 3230 incedant
942 3149 1202 3258 saepenumero

232 3254 424 3346 acerrima,
448 3247 1200 3432 dtergluealterumerrommpostularntd·
1230 3325 1231 3362 Ν

555 3379 671 3434 nrum.
725 3353 915 3436 Mittamus
930 3377 1032 3434 nunc
1053 3349 1195 3456 reliqua
1230 3387 1231 3427 t

231 3479 327 3558 quae
340 3454 435 3532 inter
452 3480 519 3534 eos
535 3453 584 3534 de
604 3455 751 3536 materia
774 3477 995 3561 quaeruntur
1015 3477 1053 3531 et
1068 3478 1111 3532 ea
1126 3471 1193 3562 tan·

234 3577 315 3633 tum
336 3551 538 3654 videamus,
567 3581 663 3660 quae
684 3557 733 3636 de
748 3581 832 3638 ortu
855 3553 1051 3638 einsinhie
1071 3549 1196 3636 schola

233 3651 328 3744 tradi
349 3653 480 3740 solent
556 3657 681 3744 Ardua
698 3659 805 3742 estin
817 3655 874 3742 his
892 3657 1026 3744 scholia
1046 3678 1085 3736 et
1097 3647 1198 3836 pff
1229 3689 1230 3747 z
