2482 4340
94 373 409 498 ‘sturno
444 239 889 496 MDdGNlFICI
993 305 998 311 ”
1106 323 1108 331 ’

325 547 648 634 .ΟΚΑΤΙΟ.*
757 555 764 566 '

15 653 361 928 Vleministis,
387 671 423 746 Ρ.
440 677 480 743 A.
495 667 539 746 C.
554 667 801 746 meminerunt
820 660 986 772 plerique
1139 665 1157 749 ’,
1197 731 1203 748 ,
1224 727 1225 736 a

143 773 149 782 '
188 768 493 856 vestrum,C1vaa
518 769 729 856 Generosn
753 776 988 856 Noaurssrnr,
1224 775 1225 782 '

15 821 41 928 i
189 871 522 972 Onnanssturque,
547 869 700 948 deliciae
716 872 881 964 nostrae,
907 867 990 974 spes
1132 867 1136 880 ’

15 971 155 1063 atriae,
180 996 253 1062 me,
273 995 384 1072 quum
394 996 478 1048 ante
495 974 563 1053 hos
578 969 637 1050 sex
645 969 786 1050 menses
800 972 988 1075 hancpur·

15 1097 135 1150 uram
153 1069 351 1168 sumerern',
377 1073 425 1150 de
445 1072 587 1176 on'gine
606 1073 684 1152 eius
700 1074 746 1152 ad
768 1099 834 1152 vos
856 1073 989 1152 dixisse.

15 1183 237 1276 &rgumenta
265 1173 445 1252 eiusmodi
477 1200 522 1253 ex
548 1175 679 1254 nostris
702 1173 990 1288 Antiquitatibus
1029 1189 1045 1270 .'

15 1300 85 1361 ton
100 1273 291 1353 dedecent
313 1299 352 1352 vt
373 1284 488 1380 pitto,
529 1275 721 1382 personam
745 1301 896 1365 eorum,
925 1277 990 1378 qui

15 1377 214 1492 nagistratu
238 1377 458 1456 Academiae
472 1375 679 1484 funguntur.
736 1379 905 1458 Manebo
922 1378 990 1480 igi·

15 1503 106 1556 urrn
124 1477 191 1554 hac
206 1478 376 1582 palaestra
393 1501 502 1569 atoue
521 1505 715 1658 qumutam
730 1506 797 1559 vna
811 1478 990 1560 cumreli·
1102 1520 1115 1549 a
1156 1489 1162 1500 '
1224 1561 1225 1580 Ν

15 1580 85 1684 iuis
108 1578 316 1680 honoribus
340 1579 375 1657 ei
395 1579 526 1660 adiunc
543 1581 572 1658 is
595 1583 790 1686 deponens
818 1582 867 1660 de
886 1581 990 1660 titulo
1077 1611 1084 1640 ·

15 1687 220 1772 anenno,
270 1682 310 1758 ui
321 1683 430 1760 tribui
433 1681 526 1784 solet
547 1686 817 1762 Acadenriarum
838 1683 990 1762 tertori-

15 1809 70 1860 ·us
90 1709 270 1858 nonnihii
283 1782 382 1885 apud
405 1809 471 1860 vos
494 1783 692 1878 verborum
709 1783 845 1862 faciam.
896 1788 989 1862 Non
1054 1801 1060 1824 ⁴
1179 1802 1182 1819 ¹

15 1909 120 1985 ongo
137 1905 175 1962 et
192 1883 331 1960 erudita
346 1884 513 1962 oratione
522 1885 675 1964 onustus
690 1885 817 1964 venio:
843 1909 989 1990 parcam

15 1985 139 2077 robis,
160 1985 415 2089 parcammihi,
442 2011 585 2088 parcam
604 1987 763 2090 tempori
786 2008 825 2064 et
843 1986 990 2090 quaein

15 2110 175 2164 mentem
196 2087 284 2163 mihi
301 2087 348 2163 de
375 2089 459 2175 hoc
475 2089 627 2168 honoris
654 2089 764 2168 titulo
790 2111 1016 2182 venerunt‚·
1111 2183 1114 2197 Ι

15 2211 145 2367 qussnta
160 2185 237 2266 fieri
245 2189 370 2292 potest
383 2187 607 2296 firnplicitate
622 2215 664 2270 ac
674 2191 851 2296 breuitate
870 2215 999 2270 enun-.

15 2317 56 2370 :ra
85 2316 121 2368 o.
153 2317 156 2322 ¹
516 2329 519 2336 ·

62 2393 325 2490 Saepemecum
336 2391 505 2494 cogitaui,
522 2395 733 2472 Avnnoars
747 2395 989 2472 Honoanns·
1095 2382 1100 2402 ⁸

15 2513 100 2576 stur,
114 2489 186 2568 hoc
200 2491 297 2579 vnde
310 2491 413 2584 effer,
427 2492 890 2598 quodrerurnpublicarum
908 2519 991 2570 eru·

15 2590 168 2676 dirarum
184 2592 434 2672 moderatores
449 2591 632 2696 magnifici
644 2620 783 2672 nomen
799 2595 990 2698 proprium

15 2694 277 2772 velutihabent.
328 2698 381 2772 Le
394 2721 429 2772 re
443 2693 642 2796 idquadarn
663 2696 814 2774 euenit?
832 2719 990 2776 autcon·
1030 2704 1034 2714 ’

16 2793 225 2874 suetudine?
252 2725 406 2898 thuid
408 2797 470 2875 ista
482 2796 544 2874 fibi
559 2799 650 2883 vuit,
663 2823 756 2900 quae
771 2796 992 2900 gubernato·
1048 2855 1055 2886 .,

17 2896 110 2974 ribus
120 2897 395 2976 Academiarum
405 2901 584 2991 tribuitur,
600 2897 887 3002 magnificentia?
915 2897 999 2978 Au·'

19 2997 72 3074 xit
84 2998 174 3075 haud
189 3025 312 3100 parum
323 2997 563 3080 curioiitatem
572 3026 703 3090 meam,
718 2999 821 3104 quod
830 3000 991 3079 animad-

17 3101 111 3176 uerti
135 3099 228 3178 solos
248 3101 549 3182 Germanicarum
571 3101 850 3182 Academiarum
880 3125 918 3179 et
932 3127 990 3180 ea-

19 3225 110 3294 rum,
123 3227 214 3303 quae
227 3201 271 3278 ad
286 3227 451 3282 nonnam
470 3226 508 3280 et
528 3203 736 3308 exemplum
753 3204 991 3283 Germanica-
1064 3263 1066 3274 ,

23 3323 100 3379 run
111 3301 281 3383 conditae
295 3303 395 3400 sunt,
419 3303 594 3386 Redores
608 3303 827 3411 Magnificus
845 3305 991 3385 salutari.

896 3413 989 3486 Non

67 3542 81 3581 ³
100 3540 195 3608 Habita
214 3547 500 3632 174426-251111115,
518 3569 585 3618 eam
597 3549 791 3638 magimatum
802 3549 992 3620 academicum

104 3627 252 3712 deponeret
265 3633 372 3700 tutior.

464 3775 573 3855 M'm
626 3847 628 3853 .
