2470 4360
117 233 1019 401 ‘mmmmmmao

25 457 163 552 diuina
175 441 405 575 prouidentia
421 466 614 544 hominem
629 461 678 544 iic
690 465 813 544 an'imo
828 461 1017 564 effodiam,
1104 443 1112 458 ”

25 601 108 652 nec
125 571 354 662 committet,
381 568 492 648 vtvel
515 567 701 660 socordia,
722 569 779 646 vel
803 567 1015 672 impruden·
1081 621 1084 629 ι

27 679 85 754 tia
101 679 131 750 is
150 676 302 763 noceat,
328 693 438 771 aquo
460 694 573 746 omne
596 667 762 761 saliendi,
792 670 956 748 nocendi
975 669 1016 750 'er
1127 703 1136 710 -
1188 681 1192 690 ’

1 863 2 866 Ν
31 775 219 852 oscitandi
233 769 538 874 oonfiliumquar'n
553 769 757 874 longiffime
772 759 880 848 abest.
933 773 1015 850 Ve-

32 895 122 956 rum
140 875 219 952 satis
232 873 281 952 de
298 899 375 955 me:
391 873 493 974 quod
507 873 616 953 restat
627 874 806 975 temporis
828 872 874 949 ad
887 871 1017 952 dicen·
1055 941 1058 948 ⁴
1146 936 1151 949 .

34 980 133 1056 dum
163 977 236 1054 dati
263 997 516 1078 argumentum
544 973 741 1077 occupabit
759 972 908 1074 simplex
961 977 1017 1052 ui·

32 1081 148 1171 dem,
173 1101 210 1156 at
228 1101 295 1182 per
315 1075 360 1154 se*
376 1077 593 1180 honestum,
620 1076 717 1156 etad
733 1000 964 1172 praesentis}

36 1181 294 1258 celebritatem
308 1177 641 1258 accommodatum.
691 1176 864 1256 Differam
881 1201 1020 1282 nempe

34 1284 83 1360 de
100 1285 252 1360 Oanua
282 1285 502 1370 Actorum,
532 1301 731 1379 meamque·
747 1279 862 1356 vobis·
874 1266 1019 1358 senten.

31 1385 126 1460 tiam
140 1381 331 1460 de'ceiebti
348 1381 416 1457 hac
424 1380 633 1482 quaestione
641 1379 847 1481 explicabo.
860 1381 1018 1558 Qpralem

34 1481 106 1586 affe
119 1485 344 1564 Academiam
357 1504 528 1580 oporteat,
549 1509 642 1584 qaae
659 1480 784 1558 cereris
797 1487 889 1558 omni
910 1509 953 1558 us
965 1483 1021 1560 iu·

40 1611 85 1664 re
99 1585 168 1685 suo
182 1583 491 1686 praeferendaſst?
515 1583 689 1673 Cauebo,
718 1581 767 1660 ne
793 1585 829 1660 in
849 1579 928 1688 ipso
941 1607 1022 1676 mu·
1075 1630 1079 1648 ·

41 1686 147 1764 neris
169 1684 345 1770 exordio,
368 1685 407 1760 in
431 1707 507 1786 quo
528 1681 668 1762 faciiem
690 1685 862 1762 omnibus
887 1707 925 1762 et
944 1683 1021 1762 sua-

39 1810 131 1862 uem
147 1811 208 1864 me
221 1784 290 1862 effe
329 1809 368 1869 ar
384 1785 473 1872 erit,
498 1785 610 1886 longa
627 1789 739 1862 Voars
755 1789 923 1863 oratione
938 1811 1019 1862 mo·

40 1887 155 1964 iestut
174 1885 255 1968 sam:
316 1909 360 1962 os
386 1890 598 1964 Avorroars
619 1909 771 1972 omnes,
798 1913 859 2001 ea,
877 1911 947 1990 qua
964 1885 1021 1965 so-

966 1075 1017 1154 iei
1112 1090 1114 1098 ’

38 1987 148 2076 letis,
172 1986 377 2066 attentione
391 1985 577 2090 loquentis
591 1987 699 2064 verba
713 1988 879 2092 excipite.
935 1991 1019 2066 Vos
1134 2017 1155 2070 μ

40 2113 186 2184 autern,
215 2093 357 2168 Parrus
387 2093 620 2186 Actaeona,
646 2111 764 2190 rogo,
797 2111 856 2180 vt,
879 2087 903 2166 fi
926 2087 1017 2191 quid

40 2193 162 2270 Vons
176 2193 269 2268 maie
290 2215 309 2268 a
326 2213 387 2268 me
404 2189 618 2270 meditatum
636 2189 823 2276 rideatur,
848 2189 887 2270 id
904 2191 1019 2270 vestra

43 2293 240 2396 prudentia
257 2314 296 2371 et
308 2291 514 2372 eruditione
529 2291 724 2372 emendate
741 2293 870 2380 velitis.
967 2345 972 2356 ·

103 2493 227 2590 Quum
248 2490 414 2594 plerique
435 2491 667 2584 mortalium,
694 2497 937 2585 Avnnoms,
961 2515 1020 2570 rea
1085 2506 1089 2516 '

44 2591 223 2671 humanas
249 2615 374 2710 parum
403 2587 603 2694 prudentes
637 2593 845 2681 aestiment,
879 2592 1020 2696 suoque

43 2693 171 2800 potius
191 2692 422 2794 exaugeam,
444 2717 553 2791 quam
576 2717 620 2772 ex
642 2695 812 2790 veritate,
835 2693 1020 2797 spedient,

37 2795 181 2876 ‚mitum
204 2793 342 2872 nemini
362 2792 477 2870 videti
500 2791 633 2882 debet,
655 2796 951 2898 homines'quum
974 2795 1024 2974 ⁶ss

48 2895 192 3014 optima
222 2895 421 2972 Academia
449 2895 785 2998 pronuntiandum,
818 2897 856 2974 in
887 2895 990 2974 diuet

52 3021 155 3100 rapt,
180 2995 387 3098 multosque
417 3015 496 3074 non
521 2994 599 3077 sartis
620 2993 798 3100 sapienter
814 2997 1047 3078 decernere.»

53 3102 125 3177 Pro
140 3096 372 3278 su'opuisque
389 3097 539 3199 ingenio
555 3121 616 3178 aut
630 3101 754 3200 potius
767 3101 955 3180 stomacho
972 3104 1023 3176 ci·
1124 3137 1134 3148 ·

52 3200 199 3277 uitatem
228 3201 277 3277 rbi
294 3197 444 3301 effingit,
460 3225 569 3302 quam
585 3201 762 3302 praestare
777 3201 915 3280 cundis
933 3225 1025 3279 con·
1095 3297 1098 3307 Ι

54 3299 209 3380 fidenter
220 3301 397 3380 affeuerat.
475 3301 549 3404 Qui
562 3301 734 3405 strepitu,
759 3303 1025 3401 hominumque

54 3427 179 3503 magna
197 3401 435 3480 concurfione
450 3401 691 3497 delediantur„
707 3406 758 3482 iili
772 3428 876 3482 tanto
891 3403 1024 3482 melio·

57 3529 131 3581 rem
146 3527 185 3581 et
196 3505 491 3607 praestantiorem
505 3504 741 3586 Academiam
764 3507 834 3586 effe
855 3505 1026 3598 censent,
1096 3505 1103 3525 '

57 3627 191 3785 pnanto
217 3602 339 3707 plures
364 3605 462 3684 ciues
485 3605 603 3684 habet
681 3610 755 3714 Qi
774 3635 863 3686 vero
879 3607 1027 3688 salutem

56 3707 366 3810 urminqurestu
381 3705 536 3786 etlucto
545 3707 702 3887 positam
717 3707 786 3790 effe
799 3710 1027 3798 arbitrantur,

58 3851 64 3866 ·
584 3834 650 3908 r5
851 3880 856 3891 ,
947 3835 1027 3891 earn
