2482 4340
241 269 587 364 ‚narvnrvna
606 205 943 400 acaoaurcr:
1003 299 1073 374 541
1137 279 1140 292 ¹
1191 193 1195 216 ’

6 451 26 525 τ’·
63 527 72 539 ,
97 452 168 538 liris
191 455 425 550 litterarum,
456 477 636 556 veraeque
669 452 885 532 eruditionis
900 477 1077 546 amorem

5 577 32 635 aa
95 556 384 658 constantifflme
407 554 569 641 seruant,
598 579 640 632 et
664 556 833 658 praemiis
856 557 1079 634 honoribut-
1148 569 1151 579 “

89 685 173 764 que
200 659 407 749 declarant,
438 681 546 734 curae
573 653 637 734 fibi
661 654 731 734 elle
754 659 870 750 viros,
902 659 1079 760 aquibus

91 783 295 854 ornantur,
321 779 360 836 et
375 758 560 848 ciuitates,
585 757 623 836 in
650 757 782 861 quibua
797 758 988 839 florenter
1007 760 1078 838 do·

58 889 64 896 ·
93 884 240 940 centur.
290 861 360 938 His
373 861 473 938 saluis
497 885 535 940 et
548 860 782 954 florentibus,
808 883 888 936 non
911 879 1080 940 metuen»
1146 899 1148 904 v

93 964 192 1040 dum
215 962 301 1056 erit,
328 983 367 1038 vt
390 963 495 1040 huius
528 961 767 1056 Academiae,
799 982 841 1038 vt
863 961 968 1040 huius
992 989 1078 1066 pur-

15 1081 31 1144 ’τ
93 1088 213 1170 purae
226 1063 384 1166 dignitas
397 1087 434 1141 et
453 1064 668 1142 existimatio
683 1063 790 1166 plane
805 1087 1018 1142 conteratur
1038 1087 1077 1144 et

91 1185 235 1272 pereat.
311 1168 439 1242 Tenet
463 1163 597 1242 merito
620 1169 716 1244 inter
738 1168 906 1267 Europae
933 1169 1080 1266 Reges,

3 1281 22 1357 «3,
91 1267 164 1370 qui
179 1263 364 1344 dodrinae
379 1287 416 1345 et
434 1267 632 1345 litterarum
650 1267 803 1344 deliciae
817 1265 890 1346 dici
912 1266 1079 1372 poliunt,

87 1368 343 1474 principatum
367 1374 654 1448 Avcvsrrssrnvs
676 1390 715 1446 et
740 1372 1081 1458 Macmruceurrssr-

1 1491 17 1532 2
84 1494 168 1548 ntus
199 1469 433 1552 Academiae.
454 1468 560 1550 huius
577 1487 585 1514 ⁸
602 1473 778 1564 Reoron,
810 1471 1005 1548 Gronorvs
1035 1471 1088 1548 ll.x
1161 1479 1170 1498 “

85 1590 251 1672 rnagnae
277 1571 480 1650 Britanniae
509 1573 606 1664 Rex,
640 1570 742 1648 cuius
781 1593 913 1674 quanta
946 1566 1013 1648 lint
1038 1571 1077 1646 in
1153 1590 1157 1598 ’

2 1721 11 1768 5
86 1697 213 1748 omne
232 1697 347 1773 genus
364 1673 581 1749 eruditionis
602 1673 819 1748 immortalia
842 1671 988 1765 merita,
1012 1697 1076 1748 ne·

84 1798 161 1853 rno
177 1773 292 1850 hodie
313 1775 485 1876 ignorat,
517 1796 589 1850 nec
609 1773 681 1851 vlla
704 1799 763 1850 vm
792 1798 873 1852 uam
896 1773 1077 1874 ignorabit
1144 1869 1148 1879 Ι

1 1933 2 1936 η
84 1873 298 1981 posteritas.
349 1873 511 1951 Floreati
540 1871 754 1952 ituretdiu'
783 1873 1074 1952 rmefloreatsan·

91 1898 695 2076 dliffimumhocetaugufiiffimum
704 1973 1076 2078 caputquodvuiuer-

95 2075 1075 2182 seveneraturliuropa:nouoquehocannomouisglo-

94 2177 169 2256 riae
185 2200 223 2256 et
235 2175 414 2256 felicitatis
426 2178 662 2256 incrementis
686 2178 830 2256 ditetur.
880 2176 1075 2282 Quidquid

93 2279 249 2382 gloriae,
252 2275 441 2457 sguidquid
451 2279 631 2358 felicitatis
647 2280 693 2357 ad
701 2279 896 2361 Redorern
906 2281 1074 2383 nostrum
1174 2285 1178 2290 '
1199 2357 1202 2366 ,

95 2379 250 2482 Augusti
279 2405 390 2458 rmum
408 2380 536 2458 diuino
552 2381 737 2460 beneficio
752 2385 965 2484 perueniet,
989 2381 1026 2458 id
1036 2381 1074 2457 in

94 2479 195 2558 hanc
219 2482 295 2559 eius
323 2482 469 2576 Iuliam,
491 2479 528 2558 id
551 2479 590 2558 in
603 2500 681 2560 ·‘vos
706 2487 828 2560 Patres
852 2479 1075 2560 Academiae

92 2581 188 2666 etin
204 2607 269 2661 vos
284 2609 459 2688 quoque,
485 2583 597 2661 Ciues
616 2582 778 2684 generofi
794 2605 833 2660 et
845 2581 1075 2666 nobiliffimi,
1153 2675 1157 2682 ι

90 2709 145 2765 ex
158 2683 501 2786 parteredundabit.
566 2685 710 2784 Floreat
731 2689 880 2786 pariter,
906 2685 1076 2784 viuatque

87 2785 198 2876 felix,
222 2781 423 2888 gloriosus,
448 2787 574 2864 beatus
588 2788 812 2864 Crtsrssnrvs
834 2787 920 2864 Dvx
939 2784 1077 2877 noster,

88 2889 288 2981 Canotvs,
314 2892 487 2966 Pnrucras
518 2889 618 2978 Prvs,
653 2889 935 2984 Maenaurnvs,
956 2885 1075 2964 salutis

87 2985 284 3092 publicae,
322 2987 632 3088 litterarumquae‚
666 2987 797 3088 quibus
831 3011 961 3088 magna
994 3011 1090 3091 pars-

85 3089 210 3168 salutis
237 3089 404 3192 publicae
434 3089 666 3180 continetur,
691 3086 962 3174 amantiffimus,
988 3113 1073 3166 curn

88 3193 303 3268 Certissima
337 3193 484 3290 Douo,
517 3187 737 3293 fingulisque
777 3189 888 3272 annis,
922 3187 1074 3296 opibus;

90 3288 252 3368 fortunis
269 3311 306 3368 et
319 3289 428 3368 bonis
444 3292 571 3370 omnis
581 3293 723 3394 generis'
738 3290 894 3394 amplior
907 3311 948 3388 er
960 3291 1075 3368 maior
1117 3373 1124 3384 „

89 3387 174 3468 fiat!
188 3391 311 3470 Video
326 3417 392 3468 vos
407 3417 553 3480 omnes,
567 3395 604 3472 P.
620 3397 665 3470 A.
680 3415 719 3471 et
734 3393 858 3485 Ciues,
875 3389 987 3469 video
1006 3417 1073 3470 vos

86 3515 225 3570 omnes
240 3487 287 3570 ad
300 3493 390 3570 haec
406 3515 491 3572 vota
506 3517 586 3570 mea
600 3492 716 3572 laetos
729 3515 768 3572 et
780 3493 949 3571 lubentes
972 3517 1073 3572 acce·

85 3593 198 3672 dere:
222 3593 352 3672 iisdem
368 3591 616 3697 srsupremum
635 3597 806 3690 Numen,
830 3589 935 3698 quod
955 3589 1071 3698 spera-

82 3717 196 3788 mus,
221 3696 385 3778 clemens
418 3697 602 3806 annuerit,
635 3695 834 3781 incolumia
863 3717 903 3776 et
934 3696 1099 3876 liggebns'

565 3818 568 3826 ’
997 3823 1014 3876 a
1042 3817 1072 3874 rt
