2506 4362
193 285 196 294 .
269 187 339 334 308
396 229 615 361 orssurr.
643 231 711 308 ou
736 219 975 341 rrussvnr
1000 233 1118 310 rar.

166 403 181 428 ''
266 441 333 494 nas
346 419 387 496 in
404 413 525 492 hostes
542 413 746 505 ¹vibrarent,
767 413 898 514 quihus
912 413 1041 492 auditis
1053 415 1088 494 hi
1104 401 1176 490 non
1188 410 1207 488 s
1219 459 1230 472 ·

269 543 331 596 cus
359 542 402 593 ac
434 515 664 606 cautionibus
685 514 732 592 'er
763 513 950 592 veneficiis
972 515 1168 618 compulsr,‘
1184 539 1230 590 re·

265 641 379 724 pente
393 641 492 718 terga
508 638 701 694 verterent.
730 689 734 700 ,
777 617 847 693 His
868 617 1061 694 hominum
1082 617 1229 693 moribus

263 745 304 824 et
318 717 545 824 temporibus
568 721 647 824 quis
666 715 786 796 sensus
805 717 848 794 'fit
866 720 1059 798 verborum
1075 720 1228 807 istorum,

264 821 408 926 prorius
422 817 554 896 nel'cio.
618 819 743 898 Paullo
763 819 875 896 maius
895 821 984 920 quid
999 821 1149 904 aliorum
1170 817 1227 894 mi-

265 945 370 1000 natur
391 921 500 1012 ratio,
525 947 608 998 cum
631 919 720 998 filias
741 926 843 998 matri
868 921 1056 1024 praeferri,
1082 947 1185 1022 turpe
1198 937 1227 994 et

265 1023 499 1102 inhonestum
525 1021 683 1114 ducunt,
711 1022 856 1100 ancillas
885 1022 1073 1099 dominam
1103 1045 1227 1100 antece·

265 1126 371 1219 uere,
397 1122 447 1203 sas
464 1123 532 1202 elle
547 1146 691 1225 negant.
742 1122 813 1200 Sed
830 1147 1117 1216 memoratum,
1141 1149 1184 1200 ne
1197 1143 1225 1196 et

265 1229 302 1315 in
320 1227 388 1304 hac
401 1223 619 1303 aduersarius
637 1225 760 1326 parrllo
777 1230 921 1304 acutior
932 1225 1034 1328 quod
1043 1227 1169 1318 rodat,
1184 1224 1221 1298 in-

266 1331 397 1406 ueniat.
460 1329 606 1430 Saepius
633 1325 744 1419 filiae,
770 1345 811 1403 ut
827 1327 995 1406 eamdem
1010 1327 1223 1404 adhibeamus

166 1503 173 1514 ,
265 1427 558 1516 translationem,
585 1453 715 1506 matres
729 1427 864 1514 forma,
890 1432 1023 1506 virtute
1039 1425 1224 1532 eriugeniu

169 1607 176 1620 ,
266 1535 426 1608 vincunt.
477 1533 576 1632 Qus
598 1531 659 1630 qui
687 1529 925 1607 nihilomiuus
950 1553 1064 1608 matre
1084 1533 1225 1608 minores

225 1727 227 1732 ,
266 1655 305 1712 er
334 1629 524 1709 inferiores
558 1631 712 1716 habent,
732 1655 823 1718 ‚noo
854 1631 957 1708 aliam
988 1631 1041 1710 ob
1076 1631 1223 1715 caullinn

265 1757 373 1838 quarn
395 1731 499 1834 quod
521 1731 615 1810 filiae
638 1731 741 1825 sunt,
769 1732 819 1808 illi
848 1757 976 1835 parurn
997 1738 1222 1836 aequiorum

266 1835 525 1914 existimatores
539 1839 617 1916 iure
634 1835 698 1915 suo
712 1833 874 1910 audient.
927 1837 1092 1914 Naturali
1110 1829 1220 1912 ordine

265 1935 415 2014 ancillae
430 1935 598 2012 dominas
615 1939 828 2037 sequuntur:
855 1959 1082 2038 verumquae
1097 1927 1223 2043 sunrur'u

265 2037 400 2136 postea:
419 2036 502 2112 viris
524 2040 761 2114 matrimonio
781 2037 984 2136 iunguntur
1006 2036 1173 2120 famulae,
1195 2051 1222 2106 n

180 2193 183 2202 .
265 2139 334 2216 illis
357 2137 445 2214 nihil
462 2138 630 2240 pristinae
646 2137 868 2218 conditionis
879 2137 1041 2241 superest.
1090 2136 1225 2214 Clarius

264 2239 410 2342 loquar:
437 2239 473 2315 Si
488 2239 603 2326 Galli,
627 2239 794 2344 Hispani,
813 2239 910 2332 ltali,
928 2259 1078 2354 quorum
1092 2234 1227 2346 linguas

265 2341 428 2418 eLatina
444 2361 543 2416 natas
564 2339 633 2418 esse
654 2342 843 2431 nouimus,
861 2340 1040 2431 susurrare,
1063 2357 1224 2437 propne-

264 2463 358 2526 tate,
385 2439 539 2527 diuitiis,
559 2442 712 2545 patrium
735 2440 939 2524 sennonem
957 2439 1069 2543 longe
1093 2431 1221 2548 polilt

265 2543 433 2622 Latiarum
450 2544 656 2643 relinquere
669 2538 884 2630 docuerint,
907 2543 1005 2622 reele
1018 2567 1125 2645 atque
1138 2533 1218 2615 ordr-

262 2671 312 2724 ne
333 2643 489 2737 faciunt,
516 2643 628 2722 fihoc
651 2646 827 2746 abrogato
844 2645 938 2724 illius
961 2645 1154 2726 custodiam
1176 2635 1194 2712 l
1210 2675 1222 2692 ·

134 2773 139 2787 ·
264 2748 422 2849 scipiant.
494 2751 585 2826 Non
612 2745 699 2824 dico
718 2747 805 2835 iam,
831 2747 1056 2826 recentiores
1077 2745 1143 2823 illas
1160 2737 1221 2812 lin-

162 2866 165 2883 ¹
266 2874 353 2951 guas
379 2873 462 2925 cum
494 2849 618 2926 latina
653 2871 765 2926 marre
790 2847 839 2924 de
854 2848 982 3026 dpalma
1007 2839 1222 2931 contendere

265 2947 376 3052 polle.
427 2947 592 3027 Aliorum
614 2949 689 3034 hoc
709 2950 793 3050 ello¹
814 2953 851 3026 iu
881 2952 999 3027 icium.
1033 3000 1038 3018 ·
1074 2943 1164 3027 Mihi
1183 2937 1230 3014 de*

264 3051 401 3128 robore
416 3070 454 3125 et
467 3051 502 3126 vi
516 3051 715 3153 argumenti
733 3051 808 3128 hoc
820 3051 1219 3155 locotantumquaerere

264 3149 465 3234 visumsuit.
515 3154 630 3232 Cuius
642 3151 795 3254 quidem
806 3155 1007 3256 argumenti
1024 3155 1150 3242 virtu's,
1174 3134 1229 3220 erin

265 3253 378 3356 longe
396 3251 484 3329 ell'cr
499 3253 691 3342 illustrior,
715 3255 761 3332 nrl
780 3257 946 3358 Anglos,
971 3257 1118 3338 Danos,
1142 3239 1229 3326 Ger-l

266 3379 413 3447 manos,
442 3354 598 3457 aliasque
621 3378 750 3460 gentes
805 3355 1135 3451 ermouendaS,·ut
1159 3361 1212 3452 110¹,¹

264 3453 347 3548 alia',
374 3478 483 3570 quarn
507 3459 758 3536 Romanorum
777 3381 923 3562 iingua,
951 3457 1067 3536 libros
1089 3449 1216 3534 conlcu·

264 3555 369 3648 bant,
393 3555 483 3634 nrhil
504 3557 675 3662 prosetlo
691 3559 857 3640 laceret,
889 3561 1038 3638 Horum
1056 3558 1151 3638 enim
1164 3567 1228 3654 Ρῠη

262 3656 435 3760 prrlorurn
450 3655 589 3760 linguas
631 3661 668 3739 ui
685 3663 820 3742 Latinis
834 3683 958 3742 ortum
979 3659 1119 3740 debere
1136 3653 1215 3730 dire

262 3759 371 3844 rint,·
384 3755 454 3831 illis
473 3760 564 3838 nulli
586 3687 702 3844 liicru
724 3763 941 3860 habebunt,
960 3761 1029 3868 qui
1042 3757 1216 3928 millii

1020 3920 1023 3930 ,
1126 3879 1160 3936 nr
1226 3913 1227 3918 a
