2434 4418
87 297 95 317 ,
199 220 278 314 aar
337 209 579 352 praseae
611 213 682 294 oa
713 177 1024 326 cntartortt
1086 234 1089 242 2
1171 207 1178 388 q

203 407 333 491 nolito
348 400 567 486 'deseramne
642 409 742 486 Nam
764 408 795 486 is
822 410 916 485 reda
927 403 1089 507 formare
1099 389 1154 504 fib

202 509 346 615 aliquid
357 509 507 600 dicitur,
540 508 604 612 qui
617 507 776 609 oblatam
789 509 976 588 materiam
993 506 1038 584 ad
1054 509 1175 585 volun«

145 677 157 714 ,¹
203 633 317 691 tatem
331 633 370 689 et
383 608 566 690 arbitrium
579 608 867 713 suum'disponit,
892 608 1065 688 informat
1080 602 1171 684 etas«

142 736 147 752 ·
203 711 290 792 ficit
356 717 458 792 Num
478 709 586 812 igitur
606 735 653 788 ex
675 709 841 816 oppostta
862 710 1045 790 formula:
1081 713 1169 787 Dara

202 811 354 893 materia
365 813 419 890 ori
432 809 577 888 elucere
590 813 822 902 arbitrantur,
846 812 945 900 vim,
970 835 1075 916 quam
1091 804 1166 884 dixi·

77 996 79 1004 ,
199 939 283 995 mus
298 913 385 991 huic
404 911 583 1014 loquendi
597 913 700 992 modi
720 911 982 992 subiiciendam
1003 911 1096 992 elle?
1128 907 1173 984 iu.

118 1679 122 1693 ‹
199 1647 276 1708 ces,

103 1019 107 1034 ‘
201 1015 354 1120 quidem
369 1013 521 1095 videtur.
578 1015 652 1092 Sed
666 1015 790 1092 dicant
807 1014 898 1092 mihi
911 1015 977 1094 viri
994 1011 1108 1100 dotti,
1127 1026 1157 1080 tt

202 1098 301 1197 rede
312 1137 459 1213 putetur
474 1113 503 1190 is
515 1113 669 1220 ipsemet
682 1113 744 1194 fibi
766 1117 953 1194 materiam
970 1109 1157 1194 fabricarit

201 1243 248 1298 cx
267 1217 384 1296 nihilo
403 1215 541 1310 lacere,
567 1219 630 1320 qui
653 1215 698 1294 ab
721 1216 841 1319 aliquo
864 1217 1078 1320 perhibetur
1094 1212 1155 1288 dara

200 1345 268 1399 naa
281 1319 335 1396 ori
348 1317 533 1398 Materia?
572 1321 654 1421 Ego
668 1319 818 1422 quidem
836 1316 941 1398 secus
954 1316 1087 1405 sentio,
1107 1327 1160 1420 nep

202 1423 358 1511 multos,
389 1441 429 1494 re
444 1417 540 1496 bene
552 1442 690 1524 putata,
724 1419 934 1498 discellitros
952 1447 972 1500 a
990 1442 1074 1496 meo
1088 1408 1161 1488 indr-
1183 1507 1184 1510 q

199 1519 262 1600 cio
276 1520 437 1600 arbitror.
501 1523 592 1600 Duo
607 1520 695 1598 mihi
709 1542 794 1598 ante
808 1523 942 1600 oculos
955 1544 1059 1627 pono
1074 1505 1185 1590 attii,

301 1617 759 1801 quibusaurumoffertur,
784 1645 824 1702 vt
836 1648 881 1702 ex
896 1649 946 1702 eo
960 1619 1155 1702 fimulactam
1184 1611 1185 1630 ¹

85 1731 90 1745 ‘
129 1769 131 1779 =
184 1722 306 1828 quod
333 1750 389 1804 am
412 1724 619 1804 conficiant.
700 1723 806 1802 Alter
828 1723 964 1804 horum
990 1722 1157 1821 diligenter

198 1832 536 1934 praeparaturum,
560 1847 752 1942 antequam
770 1851 864 1930 opus
883 1825 1111 1944 aggrediatur,
1128 1827 1157 1884 et

200 1927 361 2006 admistis
377 1929 578 2030 peregrinis
592 1928 773 2030 particulis
789 1949 827 2005 et
848 1923 1015 2008 sordibus
1034 1930 1156 2027 purgat:

199 2029 304 2116 alter,
321 2027 443 2106 nmilia
459 2033 564 2106 omni
577 2030 809 2130 purgatione,
831 2052 880 2106 ex
894 2029 1051 2108 materia,
1068 2031 1156 2121 (1111111

181 2129 366 2208 ‘traditam
382 2129 545 2232 accepit,
578 2127 734 2230 fignum,
765 2129 867 2308 quod
882 2130 991 2210 iulius
1009 2125 1073 2215 est,
1099 2111 1155 2222 el?-
1187 2138 1188 2144 ‘

196 2231 330 2310 horare
351 2229 505 2334 perficit.
562 2231 711 2308 Malene
732 2229 761 2308 is
794 2255 997 2332 oqueretur
1015 2249 1050 2307 et
1063 2222 1093 2298 1⁸¹¹
1105 2209 1149 2284 41·

198 2330 311 2412 cendi
324 2352 517 2435 praecepta
533 2353 721 2434 peccaret,
746 2333 872 2434 quide
889 2333 984 2412 binis
1000 2326 1079 2412 hisce
1090 2313 1146 2388 111·
1174 2355 1178 2364 ’

198 2429 358 2514 minibus
374 2431 421 2510 ita
436 2431 620 2512 dissereret
636 2457 719 2512 cum
736 2435 896 2512 Sauara:
932 2437 1035 2516 Alter
1046 2413 1101 2526 last
1108 2402 1151 2526 fi

198 2535 234 2616 ti
244 2530 386 2637 format
404 2534 615 2628 materiam,
655 2535 749 2613 alter
766 2535 854 2614 dara
873 2538 991 2615 oritur
1004 2501 1152 2611 matera?

198 2641 286 2717 Nec
299 2631 453 2712 dillirnili
468 2659 540 2738 ego
555 2634 673 2714 modo
680 2621 960 2715 Saunoaa‘verba
974 2647 1091 2740 putem
1104 2631 1151 2690 ⁶¹·

197 2733 374 2845 ponenda
390 2735 468 2814 elle
526 2737 672 2830 Eratis,
701 2735 740 2814 id
753 2735 856 2839 quod
871 2739 1057 2816 neminem
1071 2733 1150 2828 pne

197 2839 284 2920 terit
296 2837 523 2920 eruditorum
537 2864 560 2916 e
572 2839 781 2918 Stoicorum
800 2835 951 2934 familia,
983 2839 1021 2915 in
1039 2809 1134 2938 qufi

198 2939 369 3024 materiae
399 2961 523 3018 natura
552 2961 591 3018 et
621 2963 705 3020 ortu
733 2939 823 3018 nihil
848 2962 924 3018 erat
957 2933 1153 3018 certamfflss

198 3043 345 3126 Omnes
359 3045 459 3120 enim
473 3041 587 3118 Stoici
603 3065 682 3120 eam
696 3065 811 3142 aeque
824 3064 1006 3120 aeternam
1024 3028 1088 3142 elle
1101 3015 1155 3096 411·

119 3219 122 3224 ,
199 3145 455 3246 cebantttque
467 3141 583 3242 ipsum
603 3145 751 3233 Deum,
783 3144 979 3246 omnisque
1000 3132 1088 3218 initia
1106 3135 1155 3194 ⁶¹·

197 3269 368 3352 petrem,
398 3242 502 3347 quod
522 3242 643 3322 multis
665 3268 792 3322 eorum
814 3244 905 3324 locis
926 3249 1019 3322 iver.
1039 3229 1155 3338 Ltt?¹V³

197 3345 366 3426 testatum
381 3343 517 3424 fecit5
569 3345 616 3422 Et
630 3343 726 3422 hanc
741 3343 854 3424 ledae
868 3345 947 3426 suae
961 3333 1153 3430 sennonem

198 3447 338 3546 Sauara
351 3471 527 3550 nusquam
539 3447 579 3528 in
591 3445 744 3528 dubium
757 3470 877 3542 vocat,
904 3444 966 3530 sed
982 3432 1097 3548 paffitn
1110 3415 1153 3530 4.

199 3545 293 3632 serta
308 3549 502 3652 approbat:
531 3549 686 3644 Dicant,
714 3572 754 3628 ar
765 3551 860 3653 sris,
882 3545 1018 3654 inquit,
1038 3538 1054 3588 ⁶
1071 3530 1154 3706 {lbi

1057 3656 1078 3712 n
1143 3657 1154 3694 θ

139 3800 146 3817 t
242 3781 509 3870 remaneam
522 3783 826 3873 minanter

240 3861 493 3957 ‘Epidtxvp
506 3869 573 3936 160
