2538 4368
61 278 64 294 ·
170 404 174 412 .
255 259 306 376 ,φ
361 224 381 296 ³
507 275 994 380 counanrnrrn
1098 308 1103 324 ·

192 553 198 570 ,
251 472 516 574 hominesnon
532 469 723 566 excedere,
738 468 928 576 necsupra
943 473 1240 577 ceterorimpr.

255 579 367 659 bitute
384 579 421 652 et
438 571 569 652 malitia
585 573 756 652 eminere.
812 575 975 676 Vulgare
987 574 1159 654 nimirum
1178 603 1206 656 e

231 681 235 708 ¹
255 705 340 758 cum
358 677 493 758 timore
506 675 656 777 periculi
670 672 949 754 detestationem
965 699 1106 770 eorum,
1122 687 1244 782 aqui

152 833 154 842 ι
216 782 323 860 ,bus
340 777 528 874 excitatur,
553 775 764 878 coniungi..
1072 809 1082 845 ·.

308 877 534 957 Excedamus
551 903 596 956 ex
610 877 685 954 hoc
701 879 791 956 loco
804 899 884 958 non
898 873 977 954 satis
991 875 1143 956 forans
1156 905 1252 983 pro

175 1013 182 1026 ·
256 980 365 1060 babili
378 980 434 1057 his
447 979 676 1080 temporibus
689 976 834 1070 nostris,
851 999 889 1056 et
904 977 950 1057 ad
965 979 1071 1058 alium
1086 1005 1250 1082 progre

228 1084 415 1264 1ραϊιῐιιιτ,
440 1081 574 1182 magis,
600 1078 731 1181 siquid
747 1077 878 1172 video,
902 1079 948 1162 ad
962 1079 1154 1183 ingenium
1172 1081 1245 1164 irie

318 1185 329 1260 i
347 1183 678 1264 accommodatum.
726 1181 935 1282 Accipiam,
951 1179 1055 1283 quod
1068 1181 1131 1260 fibi
1150 1209 1243 1266 con

257 1284 342 1364 cedi
359 1283 509 1376 volunt,
537 1283 651 1359 Onu
686 1281 1267 1388 Turoaoarcrpraecones,

258 1383 398 1488 exiguis
412 1383 628 1486 plerumque
644 1379 766 1459 cauffis
782 1407 853 1462 nos
865 1383 904 1460 in
920 1407 1070 1472 arenam
1079 1397 1264 1474 euocari:

255 1485 354 1568 haud
370 1506 494 1564 tamen
508 1483 618 1562 caussa
637 1482 820 1578 cademus,
843 1485 960 1562 modo
976 1487 1053 1571 hnc
1064 1486 1180 1564 nobis
1199 1497 1246 1572 vi

257 1587 369 1668 ciffim
383 1583 573 1680 dederint,
604 1583 762 1690 speciem
778 1609 837 1674 eas
852 1587 1033 1688 grauitatis
1047 1590 1145 1690 apud
1160 1590 1242 1670 iilo

256 1690 404 1782 habere,
426 1709 523 1790 quos
534 1708 643 1768 vrunt
656 1705 694 1764 et
709 1683 885 1765 fodicant.
937 1688 1053 1793 Qod
1070 1689 1095 1766 fi
1111 1691 1151 1768 in
1166 1697 1264 1774 ani-

136 1800 139 1820 '
257 1817 359 1872 mum
372 1787 549 1874 inducere
563 1808 764 1892 nequeunt,
786 1787 942 1876 statuant
956 1789 1098 1870 necesse
1115 1792 1185 1886 est,
1214 1799 1263 1878 id

184 1976 189 1998 ,
251 1891 361 1996 quod
374 1889 452 1973 fieri
468 1893 625 1992 nequit,
664 1890 969 1974 euentumcaussi
989 1889 1047 1970 sua
1062 1893 1262 1980 maiorem

258 1993 342 2088 effe,
354 1993 393 2070 id
406 1993 471 2086 est,
483 1987 1259 2081 diuturnumetvehementissimumodium

258 2119 319 2176 aut
332 2095 432 2172 nulla
447 2115 509 2172 aut
523 2095 717 2196 perexigua
737 2092 903 2182 exanimi
918 2094 1083 2173 molestia
1099 2096 1262 2178 exsiste-

257 2224 298 2278 re
321 2193 431 2296 poffe.
493 2195 547 2272 At
564 2195 603 2270 in
620 2193 951 2294 perturbationibus
965 2199 1171 2276 animorum
1187 2203 1260 2283 di-

99 2312 100 2324 *
257 2291 461 2378 iudicandis
477 2319 569 2393 nnn,
583 2316 758 2395 quantum
774 2293 863 2372 illud
877 2295 915 2374 in
928 2294 964 2374 se
979 2295 1031 2390 srt,
1044 2298 1146 2400 quod
1160 2327 1259 2380 mo.

252 2421 323 2478 uet
345 2395 539 2488 homines,
575 2395 639 2473 sed
659 2417 833 2498 quantum
854 2395 1017 2478 videatur
1042 2399 1132 2488 illis,
1172 2407 1258 2504 qui

259 2521 477 2592 mouentur,
507 2494 724 2578 considerari
741 2496 863 2576 debet.
938 2501 1062 2600 Qare
1083 2497 1262 2588 fiiustae

259 2599 470 2702 Theologis
485 2621 523 2676 et
536 2598 667 2681 arduae
679 2620 854 2704 putentur
866 2598 937 2684 effe
950 2602 1129 2706 rationes,
1151 2627 1264 2708 pro.

259 2726 344 2812 pter
356 2725 443 2806 quas
457 2699 592 2778 bellum
607 2701 681 2778 aliis
694 2700 882 2789 inferunt,
923 2701 1098 2805 quidnam
1120 2703 1175 2784 illi
1195 2711 1263 2788 se.

259 2828 427 2908 quantur,
450 2801 548 2894 haud
562 2801 685 2896 video,
708 2803 771 2907 qui
783 2803 859 2882 aliis
877 2828 941 2882 eos
958 2805 1162 2884 deteriores
1170 2811 1268 2892 effer

258 2905 442 3000 irdicann
470 2905 625 3008 quibus,
655 2904 914 2996 vetolerenter
934 2906 1045 2986 illatas
1060 2907 1268 3012 patiantur

258 3007 273 3088 i
287 3009 430 3099 murias,¹
448 3003 650 3108 persuaderi
665 3031 745 3084 non
756 3006 888 3108 potest.

103 3188 106 3196 ,
313 3111 403 3198 Hoc
414 3105 638 3210 locofiquis
653 3128 821 3184 occurrat
834 3108 942 3200 mihi,
965 3105 1003 3187 id
1016 3107 1135 3212 ipfiam
1149 3109 1197 3190 in
1214 3119 1267 3194 il-

235 3208 304 3289 ..ns
321 3207 500 3302 damnari,
523 3207 625 3309 quod
643 3207 910 3286 inimicitiarum
927 3210 1059 3290 caustis
1073 3211 1171 3292 haud
1194 3218 1267 3294 di·

261 3307 425 3388 iudicant
438 3331 477 3388 et
491 3334 619 3413 magna
633 3306 697 3386 fibi
711 3305 1265 3425 finguntetponderosa,quae

257 3409 391 3490 limatis
404 3409 561 3515 ingeniis
574 3411 675 3514 parui
691 3409 942 3496 aestimanturr
971 3413 1072 3492 rudis
1089 3414 1192 3492 enim
1214 3443 1267 3506 en

259 3509 420 3590 incultae
435 3517 569 3594 mentis
586 3509 623 3589 id
636 3509 776 3615 fignum
791 3511 876 3592 effe:
904 3513 950 3592 ab
959 3515 1036 3594 hoe
1047 3541 1120 3618 ego
1132 3531 1267 3600 mnu..

260 3611 358 3690 strati
376 3604 464 3692 mihi
480 3637 559 3692 non
572 3613 714 3710 sedam,
736 3639 815 3694 non
830 3615 1011 3706 ordinem,
1032 3641 1160 3698 verum
1174 3616 1267 3708 ho„

262 3713 401 3792 minem
434 3713 545 3792 velim
567 3715 672 3802 huius
701 3717 862 3802 maculae
894 3716 1038 3822 prorsus
1071 3717 1266 3808 nescium.

263 3815 436 3910 Vbinam,
460 3813 627 3920 obsecre,
652 3817 998 3924 terrarumdegunt,
1021 3819 1266 4002 quibusffiam

131 3936 134 3953 '
532 3981 536 3992 ι
1186 3931 1266 4014 eli·
