2482 4340
512 274 542 346 E
982 339 988 352 .

151 412 417 514 PVRPVRA
450 279 812 502 AIZJADEMICA.
846 411 880 494 *.
947 459 961 548 ‘2

98 695 181 781 cio,
204 693 348 768 Parnes
371 687 587 764 Acaunum
606 683 864 774 Consortium,
891 687 1002 766 cives

123 795 309 872 Generosi
332 791 701 888 atqueNoonrssru1‚
727 786 804 866 scio
823 811 1002 866 nonces-
1087 841 1093 860 t
1213 839 1217 848 .

123 893 212 972 dem
226 887 415 980 omuibus,
436 887 503 990 nui
520 885 722 966 solemnem
736 890 833 968 hanc
848 890 1002 992 inaugu-

19 999 176 1080 rationis
198 1015 373 1096 pompam
394 1011 531 1090 meque
546 989 768 1092 magistratus
787 990 1004 1070 Academici

19 1097 222 1202 iniignibus
250 1111 418 1171 ornatum
451 1089 708 1196 conspiciunt,
737 1091 1005 1196 cogitationes,
1115 1185 1119 1194 „

17 1201 85 1282 sed
114 1197 191 1276 aliis
214 1193 316 1285 alias,
341 1214 382 1272 vt
400 1191 493 1268 varia
508 1191 589 1270 sunt
609 1193 818 1272 mortalium
838 1193 1002 1298 ingenia,

16 1299 172 1382 oboriri.
227 1299 338 1373 Forte
353 1293 461 1397 aliqui
481 1293 627 1372 beatum
647 1319 708 1372 me
733 1319 771 1373 et
783 1293 930 1374 felicem
947 1299 1002 1374 iu-

15 1401 219 1490 dicabunt,
242 1400 303 1475 cui
320 1419 407 1474 cum
421 1393 500 1574 itlaso
516 1397 604 1473 noui
619 1398 702 1474 anni
719 1395 876 1475 exordio
892 1421 1000 1504 pote·

15 1507 89 1586 stas
119 1498 305 1580 ciuitatem
327 1497 423 1574 hanc
456 1497 634 1576 itteratam
656 1517 726 1602 pro
747 1499 911 1577 Maximo
934 1525 1002 1577 eo·

16 1607 187 1706 demque
201 1595 468 1704 Sapientiffimo
479 1601 581 1702 Rege
597 1599 1003 1700 gubemandicommit·
1079 1661 1084 1670 .
1157 1612 1160 1624 '

18 1709 128 1788 titur:
160 1701 252 1781 Aliis
266 1698 383 1778 rursus
396 1699 504 1778 miser
523 1701 807 1780 et'aerumnosus
829 1702 1002 1788 videbor,

15 1809 103 1912 quia
125 1803 281 1886 maxima
308 1825 391 1904 pars
421 1803 622 1904 temporis,
653 1802 755 1880 cuius
779 1801 1003 1919 parcissimus
1080 1796 1081 1802 ‘

17 1909 92 1990 ess'e
106 1906 231 1997 soleo,
256 1903 353 1980 inter
365 1903 559 1980 continuas
572 1902 901 2006 interpoliatones,
927 1903 1002 1982 ani·

20 2037 89 2089 mo
116 2012 215 2088 inter
246 2003 347 2108 spem
364 2025 581 2107 metumque
606 2003 788 2099 distraiim
811 2004 1008 2110 perdenda'
1058 2024 1061 2033 ’

23 2113 100 2190 erit.
179 2105 382 2187 Nonnullis
398 2103 541 2191 forsitan
556 2107 646 2185 haec
660 2107 860 2186 cerimonia
882 2108 1005 2188 uiuam

21 2217 221 2316 imaginem
237 2209 403 2286 vanitatis
416 2231 454 2286 et
467 2207 734 2288 inconstantiae
748 2235 866 2288 rerum
875 2209 1001 2288 huma·
1079 2247 1089 2302 t

20 2339 151 2394 narum
165 2311 306 2390 obiecit
319 2310 393 2388 aliis
406 2331 574 2414 tempora
589 2311 646 2390 illa
659 2313 698 2390 in
716 2311 930 2390 memoriam
946 2335 1001 2390 re·

23 2415 189 2508 uocauit,
214 2411 349 2515 quibus
364 2434 505 2490 tantum
519 2412 647 2490 litteris
662 2436 700 2491 et
718 2413 919 2492 eruditioni
931 2413 1001 2490 ho-
1017 2433 1019 2453 ¹

25 2515 129 2593 noris
150 2539 167 2592 a
188 2513 333 2592 summis
356 2511 582 2616 Principibus
596 2513 721 2590 datum
744 2515 814 2597 est,
834 2535 875 2590 vt
888 2515 1001 2592 maie·

23 2617 120 2695 statis
134 2614 214 2696 suae
227 2637 369 2720 partem
382 2613 421 2690 in
436 2613 709 2693 Academiarum
723 2613 1002 2694 Reciorescon·

22 2719 119 2798 serre
149 2743 230 2796 non
251 2714 505 2794 dubitauerint.
556 2717 637 2818 Ego
662 2738 856 2818 antequam
878 2715 1005 2794 catire-

26 2820 228 2898 dramhanc
242 2815 456 2904 conscendi,
481 2837 555 2892 tam
569 2815 727 2896 studiose
737 2839 900 2896 mentem
913 2841 1000 2922 pur·

51 2923 104 3001 aui
125 2943 166 3002 et
191 2916 398 3024 composui,
423 2939 465 3018 vt
485 2917 572 2995 mihi
596 2941 713 3022 paene
728 2943 861 2997 vacuus
882 2919 1000 2998 omni·
1101 2940 1118 2982 ⁸·

26 2947 89 3102 {us
104 3023 202 3102 curis
222 3043 260 3100 et
272 3019 557 3124 cogitationibus
576 3019 649 3098 huc
672 3019 846 3102 acceffiffe
867 3019 1000 3100 videar.¹

25 3125 136 3208 Sumfi
153 3124 261 3218 mihi,
286 3145 324 3200 et
362 3147 444 3198 uam
461 3121 568 3226 potui
586 3124 776 3210 roboraui,
797 3121 942 3201 firmum
959 3143 1001 3201 et

26 3228 196 3306 constans
216 3149 462 3329 propoanrm,
487 3222 644 3302 fideliter
666 3250 705 3304 er
723 3225 868 3304 fortiter
885 3249 927 3301 ea
945 3221 1000 3301 sa-

28 3325 165 3423 ciendi‚
185 3351 279 3430 quae
292 3323 411 3403 facere
423 3323 530 3404 iuss'us
543 3324 637 3418 sum,
652 3349 691 3407 et
702 3353 772 3432 pro
785 3325 890 3404 huius
902 3329 1000 3404 Aca·

28 3424 168 3512 deniae
195 3430 316 3509 Salute
338 3427 435 3508 haud
455 3427 558 3508 aliter
583 3451 626 3508 ac
647 3428 674 3509 sr
692 3453 775 3510 mea
800 3425 903 3522 effe,
923 3423 1002 3534 pri-A

73 3550 78 3558 ¹
890 3549 1003 3618 uma
1057 3606 1060 3617 .

66 3730 82 3760 ·
102 3737 187 3802 nan
200 3733 237 3799 n
250 3683 373 3806 aiem,
387 3753 454 3799 enm
468 3733 662 3821 mgna-mm
675 3729 866 3798 mam
880 3731 1001 3804 aaa

69 3891 74 3896 ,
102 3831 414 3924 cramccxxxxtv.
429 3841 454 3884 ι.
470 3818 542 3888 aa.
555 3815 880 3902 Ianuariiauspicaretur.¹
901 3814 979 3898 (M)
