2482 4340
126 191 134 237 ’
212 251 384 334 cvnsv
402 243 779 364 rnrorocrco.
844 312 851 320 .
910 255 983 351 sn
1049 203 1056 234 ‘

9 437 105 518 misse
120 435 342 543 potestatem
358 432 422 513 sibi
437 433 643 538 daiipetit,
661 431 799 534 cursum
813 429 918 512 suum
932 437 984 513 in·
1028 501 1032 510 i
1080 435 1090 486 ·'

9 541 173 640 eiciendi,
199 539 326 630 idest,
351 537 642 628 recitationibus,
667 536 985 639 disputationibus,

9 640 319 744 explorationibus
335 639 419 718 varii
432 640 576 738 generis
591 639 762 716 virtutem
775 637 926 717 suamet
945 638 984 714 in

9 743 98 818 'acra
114 741 284 844 sapientia
299 735 483 846 proserius
503 739 719 816 declarandi.
796 741 985 816 Facilesna
1017 819 1018 824 Ν

9 842 75 920 Tcse
94 837 274 944 praebent
292 841 453 941 Magistri
466 840 522 916 his
536 840 728 944 precibus?
744 845 875 917 immo
892 863 984 918 veto

9 939 184 1022 iifficiies.
233 944 424 1046 Querunt
437 941 594 1046 primum
606 961 771 1018 accurate
787 942 835 1018 de
851 940 961 1044 patria
968 990 983 1043 2

9 1052 108 1129 irtu,
157 1067 286 1135 encre,
310 1041 436 1120 vitaer
457 1043 619 1120 moribus
640 1041 819 1120 hominist
847 1063 988 1145 negant

9 1147 108 1223 enim
123 1067 175 1224 iis
189 1144 259 1223 effe
273 1142 402 1230 alium,
425 1167 534 1246 quam
549 1145 709 1222 honesto
728 1143 818 1222 loco
838 1167 984 1238 natum,

9 1248 231 1348 ingenuum,
260 1243 357 1322 bene
384 1265 583 1337 morarum,
607 1247 727 1323 bonae
750 1243 985 1322 existimatio·

9 1347 60 1424 nis
77 1371 117 1424 et
128 1345 245 1424 famae
259 1347 356 1424 inter
373 1347 600 1425 Douoratus
614 1345 845 1449 Theologici
861 1345 986 1422 candi-

9 1445 110 1524 datos
124 1451 302 1550 cooptari.
374 1447 669 1552 ¹Questionibus
682 1449 736 1525 his
751 1448 907 1525 feliciter
922 1471 985 1523 ex-

9 1549 162 1728 gedids'
189 1551 254 1626 alia
267 1548 315 1626 de
330 1570 445 1626 aetate
464 1548 626 1628 nascitur.
680 1544 986 1650 Qrotantiusha-

28 1675 92 1736 ea,
107 1655 225 1751 tuqui
243 1649 345 1752 cupis
361 1649 482 1726 ordini
498 1653 625 1728 nostro
640 1649 813 1726 adscribi?
838 1651 875 1726 si
889 1675 982 1726 non·
1002 1679 1006 1684 ¹
1050 1685 1055 1694 ·

9 1753 97 1842 ium
111 1752 257 1853 triginta
271 1751 434 1850 quinque
449 1754 543 1838 ,virae
558 1753 666 1828 Tuae
681 1773 798 1825 annos
811 1773 916 1827 natus
932 1773 985 1842 er,

9 1849 133 1930 noster
147 1851 237 1938 effe,
261 1850 357 1927 haud
375 1850 524 1952 poteris.
598 1853 706 1926 Hanc
727 1859 881 1928 aetatem
899 1875 986 1926 can·

9 1953 120 2036 didaci
136 1953 326 2031 Roaaarvs
345 1950 585 2048 dectracto,
611 1949 821 2030 auuoritate
835 1949 986 2030 Pontifi·
1110 1991 1113 2000 ·

11 2057 60 2132 tis
74 2053 230 2130 Maximi.
243 2056 346 2130 cuius
360 2051 499 2156 legatus
513 2057 666 2140 erat,A.
685 2076 792 2152 1215.
818 2055 986 2130 Lutetiae
1097 2061 1099 2070 ’
1207 2057 1209 2064 ’

9 2153 216 2232 Parisiorum
233 2152 429 2230 definiuit.'
462 2155 626 2231 Tnonns
638 2155 788 2255 quidem
806 2155 856 2231 de
870 2161 987 2256 AQ'b

10 2279 63 2342 uo
92 2281 208 2352 annos
231 2277 375 2332 rantum
403 2255 534 2356 viginti
559 2253 722 2357 quinque
745 2261 858 2335 'natus
884 2255 986 2346 era't,

11 2381 124 2457 quum
138 2355 183 2434 ad
199 2353 403 2438 exhibenda
416 2357 584 2457 publicae
598 2355 792 2459 specimina
816 2351 986 2434 admitte·
1038 2447 1040 2452 ¹

11 2477 118 2533 retur.
197 2457 270 2536 Sed
298 2455 404 2558 quod
431 2457 539 2550 huic,
562 2457 603 2533 id
626 2457 714 2534 nulli
737 2482 880 2560 praeter
900 2481 984 2534 eum

11 2557 177 2658 contigit.
253 2555 451 2661 Superabat
472 2559 639 2634 Tironis
658 2581 776 2635 annos
792 2561 926 2636 virtute
948 2581 987 2636 et

12 2661 179 2761 ingenio,
229 2660 447 2762 ondereque
471 2659 683 2736 meritorum
703 2658 847 2737 suorum
874 2661 986 2761 magi·
1030 2737 1064 2766 Ἥ

11 2760 101 2838 siros
117 2683 322 2838 Prusenses
337 2760 445 2840 etiam
461 2759 598 2838 inuitos
614 2761 793 2862 cogebat,
823 2779 861 2839 vt
883 2763 985 2837 veni-
1096 2817 1099 2833 .

13 2885 64 2938 am
91 2863 214 2939 aetatis
238 2861 497 2942 concedeient
568 2859 605 2940 Si
627 2885 698 2938 nec
715 2884 810 2939 aetas
829 2861 985 2966 impedi·-

12 2964 124 3041 menti
140 2962 274 3065 aliquid
291 2963 386 3042 votis
402 2961 585 3042 candidati
599 2964 774 3078 penebat,
788 2987 986 3041 maximum
1111 2985 1114 2992 ·
1143 2939 1148 2946 ’

13 3083 135 3162 parere
153 3065 377 3142 obstaculum
400 3087 555 3170 >poterat
580 3087 709 3142 artium
735 3065 796 3142 seu
820 3063 990 3164 Philosoff

14 3165 115 3263 phiae
135 3165 346 3266 ignorantia.
424 3165 564 3246 Primae
584 3165 735 3283 quidem
757 3165 984 3266 Theologo·
1101 3175 1103 3180 ’

17 3285 91 3344 nim
104 3265 247 3352 scholae
262 3291 343 3344 non
357 3267 588 3368 requirebant
601 3292 638 3344 rn
654 3265 741 3362 illis,
765 3265 829 3368 qui
844 3261 983 3344 docear·

17 3362 269 3448 disaculratem
282 3361 347 3448 sibi
368 3363 444 3445 dari
465 3363 716 3472 postulabant,
740 3354 917 3468 magnarii·
934 3391 987 3444 ar·
1062 3451 1063 3456 Ν

17 3467 101 3551 rium
124 3469 325 3549 liberalium
349 3491 388 3548 et
407 3487 528 3550 rerum
544 3465 877 3573 Philosophicarum
892 3470 984 3574 peri·
1147 3469 1151 3477 '

15 3568 112 3648 tiam:
137 3575 226 3652 Satis
248 3571 310 3649 ille
331 3571 510 3689 Magistris
535 3593 639 3674 aptus
657 3591 695 3646 et
707 3568 864 3648 idoneus
884 3572 984 3648 vide·
1110 3572 1111 3580 '

16 3663 134 3764 batur,
156 3671 222 3774 qui
247 3671 357 3752 sacras
377 3671 512 3750 litteras
537 3693 607 3776 pro
622 3669 711 3748 rudi
733 3669 861 3748 sacculi
883 3691 987 3748 more

16 3763 240 3880 interpretari
262 3797 371 3878 atque
402 3793 571 3954 νοιετὲω
598 3770 796 3856 daciarum
825 3767 931 3948 sciti}
950 3795 988 3847 et

555 3896 631 3954 ua
801 3895 803 3903 ⁴
924 3895 987 3947 rn-
