2580 4360
275 188 438 326 ιιι
598 205 999 301 etantanto:
1080 305 1089 322 l

275 411 377 506 dem
392 405 554 499 illarum
569 401 924 509 Dissertationum*
942 429 1049 521 quae
1065 401 1266 522 dispersae

275 525 558 622 fioccurrant,
594 520 756 633 placent
779 543 1035 636 magnopere
1049 519 1266 635 pluribus:

192 637 200 672 ¹
272 631 514 726 ‘fasciculum
533 631 698 734 enudiiis
712 627 906 736 offeram,
935 631 1073 718 nullus
1091 633 1247 723 dubito
1265 709 1266 740 ,

277 750 384 862 quin
404 747 516 830 vnita
541 743 642 828 haec
669 739 877 830 doeltinae
904 764 955 827 et·
974 743 1266 856 pulcritudinis

174 879 201 916 1‘
277 862 340 947 vis
364 861 552 972 ingentes
573 851 631 940 sui
653 854 699 940 fit
720 855 912 942 omnium
934 881 1096 942 amores
1118 863 1266 956 excita·

123 1071 127 1080 ,
188 1036 191 1048 .
277 985 382 1058 tura'
442 967 716 1073 Necvereur,
745 969 1035 1080 nequisquam
1053 972 1089 1054 ei
1106 967 1266 1060 liberali

277 1078 795 1174 industriaevehementius
811 1073 1141 1195 irascatunquae,
1156 1111 1266 1198 quas

234 1195 236 1202 ’
265 1194 437 1400 setun,
470 1189 627 1278 diuitias
642 1186 796 1305 publici
808 1191 907 1278 iuris
922 1189 1009 1278 fieri
1027 1219 1173 1283 omnen
1189 1224 1266 1282 vo·

343 1413 532 1509 Caulltun
548 1441 685 1504 metm
700 1413 912 1534 vtcunq'ue
926 1419 1080 1518 ornaui.
1124 1419 1266 1510 Restat

278 1557 408 1633 nunc,
434 1552 569 1644 vtpro
584 1529 805 1644 bibliopola
818 1557 1001 1728 quoque,
1030 1530 1266 1620 virobone·

279 1641 469 1748 stiffimo,
490 1640 618 1728 verba
634 1639 793 1730 faciam.
861 1643 943 1729 Ειι
962 1643 1044 1730 hoe
1059 1671 1110 1730 eo
1127 1650 1266 1758 magis

278 1753 630 1870 superuacaneum
661 1753 782 1840 multi
811 1754 1138 1858 arbitrabuntur,
1206 1783 1266 1842 uo

271 1871 420 1960 vminus
441 1865 493 1952 ab
507 1865 613 1951 illius
623 1865 827 1980 probitate
842 1865 1090 1984 quidquam,
1128 1783 1266 1987 culpe·

280 1979 494 2082 &tuerint
510 1977 637 2093 quod,
647 2005 734 2064 non
751 1979 884 2067 dicam
897 1979 1266 2095 homineChristia·

281 2120 370 2201 uo,
408 2087 475 2178 sed
497 2117 550 2176 ne
573 2095 694 2291 aequi
715 2091 884 2204 quidem
909 2093 1084 2208 iustique
1097 2117 1266 2180 amante

179 2211 182 2216 ’
280 2201 621 2400 duediqnume
656 2263 665 2280 .
711 2201 791 2302 Sed
806 2201 941 2290 dicam
957 2227 1116 2290 tamen:
1144 2229 1185 2290 at
1198 2209 1264 2290 tri·

280 2317 363 2402 bus
383 2343 457 2400 ver
487 2317 530 2400 is,
597 2311 739 2400 Vnam
765 2317 925 2400 etitem
948 2315 1115 2403 alterum
1133 2293 1263 2402 lleue

249 2515 252 2522 ,
280 2426 503 2514 rendiffimi
525 2425 755 2511 Mosnnuu
777 2425 1102 2512 Dillertationem
1133 2427 1198 2512 hic
1221 2451 1262 2539 et

275 2539 364 2626 illic
376 2531 591 2654 dispersam
605 2537 882 2652 anquirimus,
912 2541 956 2624 in
969 2565 1105 2626 vnum
1118 2537 1260 2629 eohon

280 2676 369 2740 tem
384 2654 600 2764 cogitem,
634 2646 981 2736 etiundamcum
995 2645 1221 2736 sororuma
1243 2639 1259 2696 'l

248 2857 258 2873 „
281 2761 435 2880 quibus
456 2767 501 2847 in
523 2759 733 2876 publicam
757 2760 894 2866 lucem
916 2761 1062 2865 denuo
1096 2761 1218 2878 prodi

273 2876 486 2963 iubemus„
557 2873 812 2960 Reuoeamus
829 2871 1027 2990 quasdam
1048 2902 1099 2961 ex
1116 2873 1191 2958 illis
1209 2876 1223 2960 l

278 2991 363 3096 cis,
397 2983 633 3102 inquibus,
670 2983 781 3098 quast
800 2987 845 3074 in
868 2986 992 3072 altero
1010 2983 1078 3090 illo
1094 2985 1238 3074 Poe'cil

282 3103 494 3186 variorum
518 3097 726 3184 fimulacra
748 3099 1013 3212 ingeniorum
1029 3096 1216 3211 adtemp

283 3209 452 3327 aliquod
470 3209 748 3323 reponuntur',
779 3235 837 3312 et,
865 3207 983 3298 suum
1000 3210 1139 3410 artiqci
1156 3237 1213 3328 op

232 3382 235 3391 -
283 3327 435 3410 iterum
449 3321 716 3408 vindicamus.
783 3319 1053 3410 Praefatiunes
1110 3325 1212 3522 cuiq

283 3436 437 3550 aliquas
451 3437 498 3520 iis
516 3437 687 3520 comites
708 3431 983 3548 adiungimus.
1047 3435 1171 3522 Satm

279 3545 464 3635 Minime
481 3545 525 3632 id
545 3543 727 3659 quidem.
792 3545 1050 3636 Reuocamus
1071 3549 1186 3632 enim
1214 3545 1230 3632 l

235 3705 244 3715 ·
280 3656 494 3772 cleribus,
533 3683 573 3744 et
593 3655 765 3772 quidem
779 3658 913 3744 multo
927 3657 1116 3772 pluribus
1134 3681 1176 3743 et
1192 3687 1228 3746 n

188 3815 193 3828 «
285 3775 348 3864 uis
372 3773 514 3876 etiam,
548 3795 616 3858 eas
635 3767 775 3858 laudes
796 3773 1125 3882 inmemuriam,
1162 3795 1222 3970 qk

1121 3893 1202 3968 auc
