2506 4362
170 87 177 94 ,
205 80 313 91 -,-ο-..,..
324 83 329 86 .
357 83 361 85 .

33 455 35 512 J
125 385 136 431 ··
167 373 420 455 everunt
446 361 518 448 'ur
543 315 905 468 uncesstrnru.
950 332 1022 480 ³³09·
1090 363 1127 380 ’

33 610 35 620 2
67 558 265 640 instar-eass
284 551 452 634 edendas
466 547 536 632 esse
552 549 766 646 docuerint,
793 555 862 634 hos
882 561 1022 639 iracun-

33 728 34 738 Ν
67 661 176 741 diores
196 585 299 754 maie,
312 653 464 732 sortasfis
483 652 717 732 muldrbunt.
783 657 845 734 Ad
866 659 931 735 alia
954 661 1023 736 iam

33 781 34 788 ³
65 765 204 841 tendere
222 757 365 866 possem
380 775 510 833 eorum
524 755 614 848 tela,
639 756 769 859 quibus
784 781 854 860 pto
875 759 1023 838 necesfi-
1122 798 1128 806 .

61 887 128 942 tate
149 863 297 942 Latinae
326 857 470 960 linguae
496 881 729 961 propugnare
750 861 901 959 placuit,
931 887 1023 965 quo-

35 989 134 1042 ¹rum
163 964 277 1062 longe
302 961 453 1037 maxima
479 983 568 1062 pars·
589 958 798 1060 diligentius
827 967 1024 1042 examinata

55 1063 201 1143 corruit.
254 1065 392 1138 Verum
407 1059 454 1138 de
469 1060 657 1136 nonnullis
671 1058 717 1136 ad
731 1065 919 1142 Foru-mu
934 1064 1023 1146 dixi-
1072 1111 1074 1116 ·

53 1191 152 1244 mus:
176 1161 223 1240 de
237 1163 380 1266 reliquis
398 1161 540 1240 vberius
566 1165 641 1238 hoc
666 1161 756 1239 loco
771 1169 1025 1254 commentati,
1064 1165 1066 1175 '

33 1220 135 1344 inon
146 1289 243 1368 -opus
257 1263 320 1341 est.
368 1263 510 1341 Tribus
525 1263 644 1340 verbis
658 1266 698 1342 in
715 1289 851 1344 nouam
867 1263 1024 1346 douiffi-

53 1368 103 1444 mi
125 1367 304 1458 hominis,
329 1361 491 1466 mihique
521 1365 558 1442 in
586 1365 684 1442 rimis
710 1366 817 1443 amici
844 1368 1030 1450 rationem·

55 1469 243 1570 inquiram,
267 1491 375 1568 quam
391 1467 520 1543 litteris
537 1389 658 1542 adme
672 1465 764 1544 datis
781 1467 876 1546 haud
890 1473 939 1549 ita
979 1469 1025 1547 ri-

56 1571 136 1649 dem
153 1567 330 1671 exposuit,
347 1593 389 1644 ac
403 1567 540 1644 deinde
554 1566 600 1644 ad
615 1567 680 1644 alia
697 1565 889 1647 discedam.
940 1495 1024 1658 lixi-

57 1671 167 1748 stimat
181 1675 236 1746 vir
253 1668 414 1770 exquistti
430 1669 585 1771 ingenii,
610 1693 656 1746 ex
672 1669 880 1750 uiuentibus
894 1669 1027 1774 linguis

63 1769 496 1850 eruditorumsermonem
511 1769 606 1847 haud
620 1769 689 1848 effe
709 1770 864 1866 debere,
887 1778 1027 1891 quippe

61 1895 144 1974 qaae
166 1872 351 1976 perpetuis
380 1869 678 1948 viciffirudinibus
703 1895 743 1950 et
766 1872 1026 1952 mutationibus

58 1977 232 2075 agitentur
245 1996 284 2051 et
305 1994 593 2076 corrumpantur.
655 1973 849 2077 Reliquum
872 1973 942 2054 eisc
963 1977 1026 2052 ita-

33 2125 35 2157 t
59 2099 144 2174 que,
170 2101 210 2152 ut
223 2076 354 2152 latinus
367 2074 506 2168 sermo,
522 2073 586 2176 'qui
600 2074 689 2152 nulli
703 2075 817 2152 hodie
832 2077 1024 2180 gentipro-

57 2177 150 2277 pn'us
175 2177 235 2267 fit,
269 2177 511 2280 principatum
527 2175 715 2254 obtineat.
792 2177 909 2282 Qod
937 2205 1024 2256 vero

57 2303 144 2376 pace
167 2280 303 2380 egregii
327 2279 392 2354 viri
406 2278 575 2370 dixerim,
600 2278 811 2356 Latinorum
828 2279 916 2358 mihi
930 2279 1025 2358 caus-
1121 2285 1128 2297 “

33 2376 125 2478 >sarn
157 2381 246 2458 haec
268 2381 361 2458 ratio
392 2403 468 2456 non
498 2378 700 2456 admodum
720 2379 842 2461 iuuare
871 2379 1023 2462 videtur.

34 2482 111 2554 'Vt
134 2483 240 2560 italos
263 2483 360 2558 enim
381 2497 537 2573 taceam,
562 2480 658 2581 quia
673 2483 838 2573 Dauno,
861 2483 1023 2566 Perran-

56 2595 153 2653 cna't
170 2605 206 2655 er
219 2585 388 2660 Boccarn
401 2581 627 2685 temporibus
635 2581 853 2681 paucissimas
862 2581 1027 2683 'linguam

54 2677 153 2757 suam
178 2679 550 2760 subiiss'emuta'tiones
572 2682 791 2782 gloriantur:
827 2697 956 2762 nonne
980 2685 1028 2774 in,

54 2782 116 2881 qui
133 2783 358 2866 Graecorum
381 2807 442 2862 aut
468 2784 724 2861 Hebraeorum
743 2782 949 2861 sermonem
971 2809 1029 2860 or-

57 2885 187 2961 riorem
211 2885 354 2989 reliquis
375 2887 501 2970 habet,
528 2885 664 2974 eodem
688 2885 797 2986 plane
811 2909 1027 2988 argumento

60 3004 216 3084 pugnare
245 2989 406 3092 poterit?
442 2991 585 3064 Nonne
620 2985 683 3062 has
711 2983 848 3087 linguas
879 2985 1038 3062 eruditis·
1079 3057 1082 3072 ,
1115 3029 1121 3050 ·

59 3083 282 3188 adoptmdas
298 3089 390 3176 ess'e,
415 3089 518 3190 quod
533 3085 611 3172 vsus
635 3110 765 3163 earum·
779 3083 893 3165 hodie
913 3089 1028 3164 extin-
1135 3087 1138 3106 '

54 3182 132 3266 cius
145 3190 202 3282 srt,
225 3190 363 3268 eodem
382 3191 459 3268 iure
480 3189 695 3294 disputabit?
732 3228 737 3236 ·
1065 3189 1072 3194 ’

469 3463 501 3548 §-
532 3451 617 3530 XV.

102 3591 230 3671 Nemo
255 3619 347 3672 vero
373 3619 419 3672 ex
438 3594 492 3670 bis
514 3585 733 3695 argumentis
746 3586 870 3690 paullo
885 3581 1030 3698 leuiori·

52 3685 121 3767 bus
135 3693 185 3772 de
201 3698 371 3778 bonitate
381 3695 504 3774 causae
519 3693 712 3774 existimet:
781 3691 894 3768 Certe
915 3685 1031 3763 infern

50 3789 132 3869 eius
160 3797 275 3900 longe
294 3799 512 3881 Latinarum
536 3796 753 3898 Litterarum
786 3789 909 3867 hostes
939 3809 1030 3903 com

52 3893 158 3988 &effi
175 3898 278 3995 sunt,
303 3925 346 3980 ac
366 3895 651 3996 relinuitiffimie
666 3893 957 3996 indignationem
975 3909 1029 3960 tn·
1114 3951 1118 3962 .
1160 3949 1163 3957 ,

208 4003 211 4010 “
553 4003 634 4100 V3
837 4027 840 4034 ·
961 4007 1028 4060 ter·
