<?xml version="1.0" encoding="UTF-8"?>
<!DOCTYPE html PUBLIC "-//W3C//DTD XHTML 1.0 Transitional//EN"
    "http://www.w3.org/TR/xhtml1/DTD/xhtml1-transitional.dtd">
<html xmlns="http://www.w3.org/1999/xhtml" xml:lang="en" lang="en">
 <head>
  <title>
</title>
<meta http-equiv="Content-Type" content="text/html;charset=utf-8" />
  <meta name='ocr-system' content='tesseract 3.04.00' />
  <meta name='ocr-capabilities' content='ocr_page ocr_carea ocr_par ocr_line ocrx_word'/>
</head>
<body>
  <div class='ocr_page' id='page_1' title='image "./iolavrentiiamos00conggoog_0105.png"; bbox 0 0 2538 4368; ppageno 0'>
   <div class='ocr_carea' id='block_1_1' title="bbox 60 271 1159 414">
    <p class='ocr_par' dir='ltr' id='par_1_1' title="bbox 60 229 1159 414">
     <span class='ocr_line' id='line_1_1' title="bbox 60 271 1159 414; baseline -0.006 -46"><span class='ocrx_word' id='word_1_1' title='bbox 60 319 68 332; x_wconf 88' lang='lat'>·</span> <span class='ocrx_word' id='word_1_2' title='bbox 189 320 201 337; x_wconf 52' lang='grc' dir='ltr'><em>ι</em></span> <span class='ocrx_word' id='word_1_3' title='bbox 249 313 293 367; x_wconf 69' lang='grc' dir='ltr'><strong>η</strong></span> <span class='ocrx_word' id='word_1_4' title='bbox 423 283 972 414; x_wconf 56' lang='grc' dir='ltr'>γεοΜΜιῑικιτΑτιοΠ</span> <span class='ocrx_word' id='word_1_5' title='bbox 1105 271 1159 294; x_wconf 65' lang='grc'><strong><em>“</em></strong></span> 
     </span>
    </p>
   </div>
   <div class='ocr_carea' id='block_1_2' title="bbox 165 463 1264 572">
    <p class='ocr_par' dir='ltr' id='par_1_2' title="bbox 165 463 1264 572">
     <span class='ocr_line' id='line_1_2' title="bbox 165 463 1264 572; baseline 0.003 -24"><span class='ocrx_word' id='word_1_6' title='bbox 165 493 168 502; x_wconf 84' lang='grc'><strong>’</strong></span> <span class='ocrx_word' id='word_1_7' title='bbox 244 467 384 548; x_wconf 87' lang='lat' dir='ltr'>iusd&#39;am</span> <span class='ocrx_word' id='word_1_8' title='bbox 407 463 485 544; x_wconf 91' lang='lat' dir='ltr'>odii</span> <span class='ocrx_word' id='word_1_9' title='bbox 508 465 661 544; x_wconf 90' lang='lat' dir='ltr'>nomine</span> <span class='ocrx_word' id='word_1_10' title='bbox 681 466 720 544; x_wconf 90' lang='lat' dir='ltr'>in</span> <span class='ocrx_word' id='word_1_11' title='bbox 741 465 881 544; x_wconf 83' lang='lat' dir='ltr'>crimen</span> <span class='ocrx_word' id='word_1_12' title='bbox 904 471 1047 546; x_wconf 88' lang='lat' dir='ltr'>vocari:</span> <span class='ocrx_word' id='word_1_13' title='bbox 1079 492 1128 548; x_wconf 84' lang='lat' dir='ltr'>ex</span> <span class='ocrx_word' id='word_1_14' title='bbox 1151 491 1264 572; x_wconf 91' lang='lat' dir='ltr'>quo</span> 
     </span>
    </p>
   </div>
   <div class='ocr_carea' id='block_1_3' title="bbox 16 567 1266 3820">
    <p class='ocr_par' dir='ltr' id='par_1_3' title="bbox 246 567 1260 674">
     <span class='ocr_line' id='line_1_3' title="bbox 246 567 1260 674; baseline 0.003 -26"><span class='ocrx_word' id='word_1_15' title='bbox 246 567 412 660; x_wconf 87' lang='lat' dir='ltr'>efficitur,</span> <span class='ocrx_word' id='word_1_16' title='bbox 435 589 515 644; x_wconf 93' lang='lat' dir='ltr'>non</span> <span class='ocrx_word' id='word_1_17' title='bbox 538 595 583 646; x_wconf 87' lang='lat' dir='ltr'>ex</span> <span class='ocrx_word' id='word_1_18' title='bbox 602 569 807 674; x_wconf 80' lang='lat' dir='ltr'>praeceptis</span> <span class='ocrx_word' id='word_1_19' title='bbox 828 571 1015 664; x_wconf 78' lang='lat' dir='ltr'>nonnullis</span> <span class='ocrx_word' id='word_1_20' title='bbox 1029 591 1069 648; x_wconf 85' lang='lat' dir='ltr'>et</span> <span class='ocrx_word' id='word_1_21' title='bbox 1082 569 1260 651; x_wconf 78' lang='lat' dir='ltr'>lenten-</span> 
     </span>
    </p>

    <p class='ocr_par' dir='ltr' id='par_1_4' title="bbox 244 669 1256 774">
     <span class='ocr_line' id='line_1_4' title="bbox 244 669 1256 774; baseline -0.001 -22"><span class='ocrx_word' id='word_1_22' title='bbox 244 673 316 766; x_wconf 82' lang='lat' dir='ltr'>tiis,</span> <span class='ocrx_word' id='word_1_23' title='bbox 342 693 430 774; x_wconf 90' lang='lat' dir='ltr'>quas</span> <span class='ocrx_word' id='word_1_24' title='bbox 445 669 678 750; x_wconf 81' lang='lat' dir='ltr'>haervelilla</span> <span class='ocrx_word' id='word_1_25' title='bbox 694 692 834 757; x_wconf 82' lang='lat' dir='ltr'>tantum</span> <span class='ocrx_word' id='word_1_26' title='bbox 855 669 985 748; x_wconf 81' lang='lat' dir='ltr'>familia</span> <span class='ocrx_word' id='word_1_27' title='bbox 1009 673 1153 774; x_wconf 88' lang='lat' dir='ltr'>probat,</span> <span class='ocrx_word' id='word_1_28' title='bbox 1178 675 1256 752; x_wconf 85' lang='lat' dir='ltr'>vi-</span> 
     </span>
    </p>

    <p class='ocr_par' dir='ltr' id='par_1_5' title="bbox 131 769 1266 975">
     <span class='ocr_line' id='line_1_5' title="bbox 131 769 1266 876; baseline -0.004 -23"><span class='ocrx_word' id='word_1_29' title='bbox 131 823 137 832; x_wconf 87' lang='lat'><em>·</em></span> <span class='ocrx_word' id='word_1_30' title='bbox 244 773 334 853; x_wconf 87' lang='lat' dir='ltr'>tium</span> <span class='ocrx_word' id='word_1_31' title='bbox 350 769 444 850; x_wconf 83' lang='lat' dir='ltr'>istud</span> <span class='ocrx_word' id='word_1_32' title='bbox 458 769 565 864; x_wconf 88' lang='lat' dir='ltr'>nasci,</span> <span class='ocrx_word' id='word_1_33' title='bbox 592 795 721 848; x_wconf 87' lang='lat' dir='ltr'>verum</span> <span class='ocrx_word' id='word_1_34' title='bbox 744 795 788 848; x_wconf 89' lang='lat' dir='ltr'>ex</span> <span class='ocrx_word' id='word_1_35' title='bbox 804 771 926 850; x_wconf 83' lang='lat' dir='ltr'>cauffis</span> <span class='ocrx_word' id='word_1_36' title='bbox 950 799 1017 876; x_wconf 83' lang='lat' dir='ltr'>per</span> <span class='ocrx_word' id='word_1_37' title='bbox 1031 770 1266 857; x_wconf 79' lang='lat' dir='ltr'>uniuersam</span> 
     </span>
     <span class='ocr_line' id='line_1_6' title="bbox 244 873 1249 975; baseline 0 -23"><span class='ocrx_word' id='word_1_38' title='bbox 244 875 428 952; x_wconf 88' lang='lat' dir='ltr'>civitatem</span> <span class='ocrx_word' id='word_1_39' title='bbox 454 873 694 952; x_wconf 86' lang='lat' dir='ltr'>Christianam</span> <span class='ocrx_word' id='word_1_40' title='bbox 719 875 957 950; x_wconf 77' lang='lat' dir='ltr'>manantibus.</span> <span class='ocrx_word' id='word_1_41' title='bbox 1037 873 1128 952; x_wconf 89' lang='lat' dir='ltr'>lllud</span> <span class='ocrx_word' id='word_1_42' title='bbox 1144 878 1249 975; x_wconf 86' lang='lat' dir='ltr'>qui-</span> 
     </span>
    </p>

    <p class='ocr_par' dir='ltr' id='par_1_6' title="bbox 242 973 1247 1182">
     <span class='ocr_line' id='line_1_7' title="bbox 243 973 1247 1076; baseline 0.004 -24"><span class='ocrx_word' id='word_1_43' title='bbox 243 977 331 1052; x_wconf 90' lang='lat' dir='ltr'>dem</span> <span class='ocrx_word' id='word_1_44' title='bbox 354 997 394 1054; x_wconf 88' lang='lat' dir='ltr'>vt</span> <span class='ocrx_word' id='word_1_45' title='bbox 414 973 676 1068; x_wconf 84' lang='lat' dir='ltr'>concedamus,</span> <span class='ocrx_word' id='word_1_46' title='bbox 704 973 799 1050; x_wconf 87' lang='lat' dir='ltr'>haud</span> <span class='ocrx_word' id='word_1_47' title='bbox 819 1001 860 1050; x_wconf 86' lang='lat' dir='ltr'>te</span> <span class='ocrx_word' id='word_1_48' title='bbox 887 1001 925 1052; x_wconf 88' lang='lat' dir='ltr'>re</span> <span class='ocrx_word' id='word_1_49' title='bbox 943 1001 961 1051; x_wconf 92' lang='lat' dir='ltr'>a</span> <span class='ocrx_word' id='word_1_50' title='bbox 976 975 1085 1054; x_wconf 89' lang='lat' dir='ltr'>nobis</span> <span class='ocrx_word' id='word_1_51' title='bbox 1102 974 1247 1076; x_wconf 84' lang='lat' dir='ltr'>aliquis</span> 
     </span>
     <span class='ocr_line' id='line_1_8' title="bbox 242 1000 1240 1182; baseline -0.007 -27"><span class='ocrx_word' id='word_1_52' title='bbox 242 1076 502 1182; x_wconf 67' lang='lat' dir='ltr'>impetraverit,</span> <span class='ocrx_word' id='word_1_53' title='bbox 526 1076 565 1152; x_wconf 95' lang='lat' dir='ltr'>in</span> <span class='ocrx_word' id='word_1_54' title='bbox 588 1074 820 1178; x_wconf 83' lang='lat' dir='ltr'>quorundam</span> <span class='ocrx_word' id='word_1_55' title='bbox 830 1000 1117 1155; x_wconf 62' lang='lat' dir='ltr'>ciristianorum</span> <span class='ocrx_word' id='word_1_56' title='bbox 1133 1075 1240 1178; x_wconf 90' lang='lat' dir='ltr'>dog.</span> 
     </span>
    </p>

    <p class='ocr_par' dir='ltr' id='par_1_7' title="bbox 158 1175 1241 1279">
     <span class='ocr_line' id='line_1_9' title="bbox 158 1175 1241 1279; baseline -0.002 -21"><span class='ocrx_word' id='word_1_57' title='bbox 158 1218 164 1247; x_wconf 69' lang='grc' dir='ltr'><em>ι</em></span> <span class='ocrx_word' id='word_1_58' title='bbox 242 1179 398 1258; x_wconf 84' lang='lat' dir='ltr'>maribus</span> <span class='ocrx_word' id='word_1_59' title='bbox 416 1199 555 1254; x_wconf 85' lang='lat' dir='ltr'>tantum</span> <span class='ocrx_word' id='word_1_60' title='bbox 570 1175 724 1254; x_wconf 74' lang='lat' dir='ltr'>residere</span> <span class='ocrx_word' id='word_1_61' title='bbox 733 1177 777 1257; x_wconf 91' lang='lat' dir='ltr'>ad</span> <span class='ocrx_word' id='word_1_62' title='bbox 786 1177 968 1262; x_wconf 88' lang='lat' dir='ltr'>eiusmodi</span> <span class='ocrx_word' id='word_1_63' title='bbox 983 1177 1124 1270; x_wconf 90' lang='lat' dir='ltr'>odium,</span> <span class='ocrx_word' id='word_1_64' title='bbox 1140 1203 1241 1279; x_wconf 80' lang='lat' dir='ltr'>qua-</span> 
     </span>
    </p>

    <p class='ocr_par' dir='ltr' id='par_1_8' title="bbox 16 1271 1245 1584">
     <span class='ocr_line' id='line_1_10' title="bbox 16 1271 1238 1382; baseline -0.003 -22"><span class='ocrx_word' id='word_1_65' title='bbox 16 1271 22 1290; x_wconf 74' lang='grc'><strong>’</strong></span> <span class='ocrx_word' id='word_1_66' title='bbox 110 1345 115 1352; x_wconf 92' lang='grc'>.</span> <span class='ocrx_word' id='word_1_67' title='bbox 210 1363 212 1372; x_wconf 71' lang='grc'><em>,</em></span> <span class='ocrx_word' id='word_1_68' title='bbox 241 1280 281 1360; x_wconf 83' lang='lat' dir='ltr'>le</span> <span class='ocrx_word' id='word_1_69' title='bbox 298 1277 578 1380; x_wconf 81' lang='lat' dir='ltr'>Theologicutn</span> <span class='ocrx_word' id='word_1_70' title='bbox 595 1277 827 1366; x_wconf 74' lang='lat' dir='ltr'>eliedicitur,</span> <span class='ocrx_word' id='word_1_71' title='bbox 853 1279 1238 1382; x_wconf 79' lang='lat' dir='ltr'>pioduceoduln-po-</span> 
     </span>
     <span class='ocr_line' id='line_1_11' title="bbox 205 1372 1241 1481; baseline 0 -21"><span class='ocrx_word' id='word_1_72' title='bbox 205 1373 210 1390; x_wconf 24' lang='lat' dir='ltr'>l</span> <span class='ocrx_word' id='word_1_73' title='bbox 241 1381 391 1472; x_wconf 80' lang='lat' dir='ltr'>tentiae,</span> <span class='ocrx_word' id='word_1_74' title='bbox 419 1402 458 1456; x_wconf 87' lang='lat' dir='ltr'>vt</span> <span class='ocrx_word' id='word_1_75' title='bbox 477 1379 542 1481; x_wconf 91' lang='lat' dir='ltr'>qui</span> <span class='ocrx_word' id='word_1_76' title='bbox 566 1372 766 1458; x_wconf 77' lang='lat' dir='ltr'>adsciscunt</span> <span class='ocrx_word' id='word_1_77' title='bbox 788 1407 842 1472; x_wconf 86' lang='lat' dir='ltr'>ea,</span> <span class='ocrx_word' id='word_1_78' title='bbox 868 1381 969 1458; x_wconf 92' lang='lat' dir='ltr'>nullo</span> <span class='ocrx_word' id='word_1_79' title='bbox 995 1381 1083 1458; x_wconf 90' lang='lat' dir='ltr'>illud</span> <span class='ocrx_word' id='word_1_80' title='bbox 1107 1381 1241 1460; x_wconf 88' lang='lat' dir='ltr'>modo</span> 
     </span>
     <span class='ocr_line' id='line_1_12' title="bbox 243 1476 1245 1584; baseline 0.002 -24"><span class='ocrx_word' id='word_1_81' title='bbox 243 1476 404 1584; x_wconf 77' lang='lat' dir='ltr'>effugere</span> <span class='ocrx_word' id='word_1_82' title='bbox 422 1503 569 1583; x_wconf 83' lang='lat' dir='ltr'>queant,</span> <span class='ocrx_word' id='word_1_83' title='bbox 596 1481 659 1558; x_wconf 82' lang='lat' dir='ltr'>nist</span> <span class='ocrx_word' id='word_1_84' title='bbox 676 1507 736 1559; x_wconf 88' lang='lat' dir='ltr'>aut</span> <span class='ocrx_word' id='word_1_85' title='bbox 750 1509 768 1557; x_wconf 89' lang='lat' dir='ltr'>a</span> <span class='ocrx_word' id='word_1_86' title='bbox 784 1505 930 1560; x_wconf 73' lang='lat' dir='ltr'>nauseae</span> <span class='ocrx_word' id='word_1_87' title='bbox 945 1482 1153 1574; x_wconf 87' lang='lat' dir='ltr'>clementia,</span> <span class='ocrx_word' id='word_1_88' title='bbox 1168 1507 1245 1562; x_wconf 88' lang='lat' dir='ltr'>aut</span> 
     </span>
    </p>

    <p class='ocr_par' dir='ltr' id='par_1_9' title="bbox 24 1581 1239 1788">
     <span class='ocr_line' id='line_1_13' title="bbox 24 1581 1239 1686; baseline 0.002 -25"><span class='ocrx_word' id='word_1_89' title='bbox 24 1629 29 1636; x_wconf 91' lang='lat'>·</span> <span class='ocrx_word' id='word_1_90' title='bbox 96 1603 99 1623; x_wconf 79' lang='lat'><em>¹</em></span> <span class='ocrx_word' id='word_1_91' title='bbox 215 1581 366 1666; x_wconf 78' lang='lat' dir='ltr'>,diuina</span> <span class='ocrx_word' id='word_1_92' title='bbox 380 1583 536 1686; x_wconf 85' lang='lat' dir='ltr'>quadarn</span> <span class='ocrx_word' id='word_1_93' title='bbox 552 1583 685 1662; x_wconf 87' lang='lat' dir='ltr'>virtute</span> <span class='ocrx_word' id='word_1_94' title='bbox 701 1585 969 1661; x_wconf 86' lang='lat' dir='ltr'>contineantur.</span> <span class='ocrx_word' id='word_1_95' title='bbox 1028 1583 1100 1675; x_wconf 87' lang='lat' dir='ltr'>Est,</span> <span class='ocrx_word' id='word_1_96' title='bbox 1148 1585 1239 1664; x_wconf 87' lang='lat' dir='ltr'>uod</span> 
     </span>
     <span class='ocr_line' id='line_1_14' title="bbox 231 1607 1237 1788; baseline 0.002 -27"><span class='ocrx_word' id='word_1_97' title='bbox 231 1709 357 1778; x_wconf 77' lang='lat' dir='ltr'>nemo</span> <span class='ocrx_word' id='word_1_98' title='bbox 371 1685 527 1787; x_wconf 85' lang='lat' dir='ltr'>ignorat,</span> <span class='ocrx_word' id='word_1_99' title='bbox 550 1686 590 1760; x_wconf 93' lang='lat' dir='ltr'>in</span> <span class='ocrx_word' id='word_1_100' title='bbox 609 1688 733 1786; x_wconf 86' lang='lat' dir='ltr'>primis</span> <span class='ocrx_word' id='word_1_101' title='bbox 749 1684 842 1762; x_wconf 83' lang='lat' dir='ltr'>scitis</span> <span class='ocrx_word' id='word_1_102' title='bbox 861 1685 992 1788; x_wconf 87' lang='lat' dir='ltr'>populi</span> <span class='ocrx_word' id='word_1_103' title='bbox 1007 1683 1102 1761; x_wconf 86' lang='lat' dir='ltr'>illius</span> <span class='ocrx_word' id='word_1_104' title='bbox 1119 1607 1237 1763; x_wconf 57' lang='lat' dir='ltr'>ghri-</span> 
     </span>
    </p>

    <p class='ocr_par' dir='ltr' id='par_1_10' title="bbox 240 1781 1236 1890">
     <span class='ocr_line' id='line_1_15' title="bbox 240 1781 1236 1890; baseline -0.001 -25"><span class='ocrx_word' id='word_1_105' title='bbox 240 1786 356 1880; x_wconf 75' lang='lat' dir='ltr'>iliani,</span> <span class='ocrx_word' id='word_1_106' title='bbox 382 1787 445 1890; x_wconf 89' lang='lat' dir='ltr'>qui</span> <span class='ocrx_word' id='word_1_107' title='bbox 461 1783 498 1864; x_wconf 93' lang='lat' dir='ltr'>se</span> <span class='ocrx_word' id='word_1_108' title='bbox 513 1786 937 1866; x_wconf 83' lang='lat' dir='ltr'>Romano-Catholicum</span> <span class='ocrx_word' id='word_1_109' title='bbox 960 1807 1085 1862; x_wconf 87' lang='lat' dir='ltr'>vocat:</span> <span class='ocrx_word' id='word_1_110' title='bbox 1112 1781 1236 1864; x_wconf 88' lang='lat' dir='ltr'>subie-</span> 
     </span>
    </p>

    <p class='ocr_par' dir='ltr' id='par_1_11' title="bbox 180 1887 1266 2190">
     <span class='ocr_line' id='line_1_16' title="bbox 180 1887 1234 1988; baseline 0 -22"><span class='ocrx_word' id='word_1_111' title='bbox 180 1913 185 1925; x_wconf 86' lang='lat'>·</span> <span class='ocrx_word' id='word_1_112' title='bbox 240 1887 327 1966; x_wconf 88' lang='lat' dir='ltr'>cill&#39;e</span> <span class='ocrx_word' id='word_1_113' title='bbox 355 1889 492 1977; x_wconf 81' lang='lat' dir='ltr'>lesvlu</span> <span class='ocrx_word' id='word_1_114' title='bbox 514 1889 758 1966; x_wconf 79' lang='lat' dir='ltr'>Cnntstvu</span> <span class='ocrx_word' id='word_1_115' title='bbox 781 1909 895 1965; x_wconf 91' lang='lat' dir='ltr'>totam</span> <span class='ocrx_word' id='word_1_116' title='bbox 918 1913 1067 1980; x_wconf 90' lang='lat' dir='ltr'>eorum,</span> <span class='ocrx_word' id='word_1_117' title='bbox 1092 1887 1156 1988; x_wconf 90' lang='lat' dir='ltr'>qui</span> <span class='ocrx_word' id='word_1_118' title='bbox 1180 1890 1234 1966; x_wconf 83' lang='lat' dir='ltr'>ab</span> 
     </span>
     <span class='ocr_line' id='line_1_17' title="bbox 240 1987 1231 2094; baseline -0.002 -26"><span class='ocrx_word' id='word_1_119' title='bbox 240 1987 320 2094; x_wconf 68' lang='lat' dir='ltr'>ipo</span> <span class='ocrx_word' id='word_1_120' title='bbox 341 1989 599 2081; x_wconf 85' lang='lat' dir='ltr'>nominantur,</span> <span class='ocrx_word' id='word_1_121' title='bbox 633 1989 904 2066; x_wconf 70' lang='lat' dir='ltr'>multitudinem</span> <span class='ocrx_word' id='word_1_122' title='bbox 935 1989 1042 2066; x_wconf 90' lang='lat' dir='ltr'>unius</span> <span class='ocrx_word' id='word_1_123' title='bbox 1069 1989 1231 2066; x_wconf 89' lang='lat' dir='ltr'>Romani</span> 
     </span>
     <span class='ocr_line' id='line_1_18' title="bbox 239 2086 1266 2190; baseline 0 -20"><span class='ocrx_word' id='word_1_124' title='bbox 239 2086 407 2170; x_wconf 87' lang='lat' dir='ltr'>antistitis</span> <span class='ocrx_word' id='word_1_125' title='bbox 421 2089 612 2184; x_wconf 85' lang='lat' dir='ltr'>voluntati,</span> <span class='ocrx_word' id='word_1_126' title='bbox 637 2091 879 2190; x_wconf 88' lang='lat' dir='ltr'>eamdemque</span> <span class='ocrx_word' id='word_1_127' title='bbox 898 2116 975 2168; x_wconf 93' lang='lat' dir='ltr'>non</span> <span class='ocrx_word' id='word_1_128' title='bbox 994 2089 1069 2167; x_wconf 86' lang='lat' dir='ltr'>aliis</span> <span class='ocrx_word' id='word_1_129' title='bbox 1085 2088 1130 2167; x_wconf 89' lang='lat' dir='ltr'>ab</span> <span class='ocrx_word' id='word_1_130' title='bbox 1151 2089 1233 2171; x_wconf 86' lang='lat' dir='ltr'>hoc</span> <span class='ocrx_word' id='word_1_131' title='bbox 1265 2093 1266 2098; x_wconf 62' lang='lat'>‘</span> 
     </span>
    </p>

    <p class='ocr_par' dir='ltr' id='par_1_12' title="bbox 217 2183 1264 3820">
     <span class='ocr_line' id='line_1_19' title="bbox 217 2183 1231 2296; baseline -0.004 -24"><span class='ocrx_word' id='word_1_132' title='bbox 217 2192 364 2295; x_wconf 79' lang='lat' dir='ltr'>&#39;legato</span> <span class='ocrx_word' id='word_1_133' title='bbox 387 2185 451 2268; x_wconf 94' lang='lat' dir='ltr'>suo</span> <span class='ocrx_word' id='word_1_134' title='bbox 474 2191 616 2292; x_wconf 86' lang='lat' dir='ltr'>legibus</span> <span class='ocrx_word' id='word_1_135' title='bbox 639 2193 832 2294; x_wconf 80' lang='lat' dir='ltr'>gubernari</span> <span class='ocrx_word' id='word_1_136' title='bbox 861 2191 978 2284; x_wconf 85' lang='lat' dir='ltr'>velle,</span> <span class='ocrx_word' id='word_1_137' title='bbox 1010 2183 1127 2296; x_wconf 78' lang='lat' dir='ltr'>quem‘</span> <span class='ocrx_word' id='word_1_138' title='bbox 1143 2191 1231 2278; x_wconf 87' lang='lat' dir='ltr'>illis,</span> 
     </span>
     <span class='ocr_line' id='line_1_20' title="bbox 239 2291 1228 2397; baseline -0.004 -25"><span class='ocrx_word' id='word_1_139' title='bbox 239 2295 374 2397; x_wconf 87' lang='lat' dir='ltr'>quibus</span> <span class='ocrx_word' id='word_1_140' title='bbox 388 2291 552 2370; x_wconf 83' lang='lat' dir='ltr'>ciuitates</span> <span class='ocrx_word' id='word_1_141' title='bbox 569 2313 608 2370; x_wconf 92' lang='lat' dir='ltr'>et</span> <span class='ocrx_word' id='word_1_142' title='bbox 620 2293 771 2396; x_wconf 89' lang='lat' dir='ltr'>imperia</span> <span class='ocrx_word' id='word_1_143' title='bbox 796 2314 981 2396; x_wconf 81' lang='lat' dir='ltr'>reguntur.</span> <span class='ocrx_word' id='word_1_144' title='bbox 1030 2296 1141 2370; x_wconf 87' lang='lat' dir='ltr'>Sume</span> <span class='ocrx_word' id='word_1_145' title='bbox 1156 2293 1228 2368; x_wconf 88' lang='lat' dir='ltr'>tibi</span> 
     </span>
     <span class='ocr_line' id='line_1_21' title="bbox 240 2392 1226 2500; baseline -0.008 -24"><span class='ocrx_word' id='word_1_146' title='bbox 240 2395 338 2476; x_wconf 84' lang='lat' dir='ltr'>hanc</span> <span class='ocrx_word' id='word_1_147' title='bbox 352 2394 584 2498; x_wconf 89' lang='lat' dir='ltr'>opinionem,</span> <span class='ocrx_word' id='word_1_148' title='bbox 611 2393 946 2498; x_wconf 84' lang='lat' dir='ltr'>etvidedeinceps,</span> <span class='ocrx_word' id='word_1_149' title='bbox 972 2419 1063 2472; x_wconf 89' lang='lat' dir='ltr'>num</span> <span class='ocrx_word' id='word_1_150' title='bbox 1076 2392 1226 2500; x_wconf 88' lang='lat' dir='ltr'>placido</span> 
     </span>
     <span class='ocr_line' id='line_1_22' title="bbox 241 2491 1229 2600; baseline -0.008 -22"><span class='ocrx_word' id='word_1_151' title='bbox 241 2496 309 2578; x_wconf 88' lang='lat' dir='ltr'>tibi</span> <span class='ocrx_word' id='word_1_152' title='bbox 325 2519 364 2574; x_wconf 90' lang='lat' dir='ltr'>et</span> <span class='ocrx_word' id='word_1_153' title='bbox 378 2491 564 2574; x_wconf 83' lang='lat' dir='ltr'>mansueto</span> <span class='ocrx_word' id='word_1_154' title='bbox 579 2519 663 2600; x_wconf 82' lang='lat' dir='ltr'>erga</span> <span class='ocrx_word' id='word_1_155' title='bbox 684 2521 751 2574; x_wconf 90' lang='lat' dir='ltr'>eos</span> <span class='ocrx_word' id='word_1_156' title='bbox 769 2495 839 2574; x_wconf 83' lang='lat' dir='ltr'>effe</span> <span class='ocrx_word' id='word_1_157' title='bbox 853 2497 971 2588; x_wconf 87' lang='lat' dir='ltr'>liceat,</span> <span class='ocrx_word' id='word_1_158' title='bbox 996 2501 1061 2599; x_wconf 91' lang='lat' dir='ltr'>qui</span> <span class='ocrx_word' id='word_1_159' title='bbox 1076 2491 1229 2574; x_wconf 81' lang='lat' dir='ltr'>menda-</span> 
     </span>
     <span class='ocr_line' id='line_1_23' title="bbox 240 2593 1234 2774; baseline -0.004 -96"><span class='ocrx_word' id='word_1_160' title='bbox 240 2600 288 2679; x_wconf 87' lang='lat' dir='ltr'>tis</span> <span class='ocrx_word' id='word_1_161' title='bbox 299 2599 391 2690; x_wconf 87' lang='lat' dir='ltr'>eius,</span> <span class='ocrx_word' id='word_1_162' title='bbox 415 2621 526 2716; x_wconf 80' lang='lat' dir='ltr'>quem</span> <span class='ocrx_word' id='word_1_163' title='bbox 538 2600 677 2774; x_wconf 57' lang='lat' dir='ltr'>Redem</span> <span class='ocrx_word' id='word_1_164' title='bbox 693 2593 873 2678; x_wconf 73' lang='lat' dir='ltr'>sacrorum</span> <span class='ocrx_word' id='word_1_165' title='bbox 890 2621 1007 2700; x_wconf 87' lang='lat' dir='ltr'>putas,</span> <span class='ocrx_word' id='word_1_166' title='bbox 1035 2597 1093 2676; x_wconf 89' lang='lat' dir='ltr'>vel</span> <span class='ocrx_word' id='word_1_167' title='bbox 1109 2593 1234 2700; x_wconf 80' lang='lat' dir='ltr'>segni-</span> 
     </span>
     <span class='ocr_line' id='line_1_24' title="bbox 241 2695 1264 2802; baseline -0.002 -22"><span class='ocrx_word' id='word_1_168' title='bbox 241 2723 300 2782; x_wconf 86' lang='lat' dir='ltr'>ter</span> <span class='ocrx_word' id='word_1_169' title='bbox 321 2698 523 2790; x_wconf 81' lang='lat' dir='ltr'>obedtunt,</span> <span class='ocrx_word' id='word_1_170' title='bbox 549 2724 594 2776; x_wconf 85' lang='lat' dir='ltr'>ve</span> <span class='ocrx_word' id='word_1_171' title='bbox 630 2723 754 2801; x_wconf 81' lang='lat' dir='ltr'>aperte</span> <span class='ocrx_word' id='word_1_172' title='bbox 776 2699 1012 2778; x_wconf 73' lang='lat' dir='ltr'>aduersantur.</span> <span class='ocrx_word' id='word_1_173' title='bbox 1096 2700 1133 2776; x_wconf 87' lang='lat' dir='ltr'>Si</span> <span class='ocrx_word' id='word_1_174' title='bbox 1155 2725 1233 2802; x_wconf 89' lang='lat' dir='ltr'>pro</span> <span class='ocrx_word' id='word_1_175' title='bbox 1263 2695 1264 2712; x_wconf 50' lang='lat'>¹</span> 
     </span>
     <span class='ocr_line' id='line_1_25' title="bbox 241 2797 1236 2906; baseline -0.004 -22"><span class='ocrx_word' id='word_1_176' title='bbox 241 2802 392 2884; x_wconf 86' lang='lat' dir='ltr'>Christo</span> <span class='ocrx_word' id='word_1_177' title='bbox 412 2801 596 2904; x_wconf 81' lang='lat' dir='ltr'>legatione</span> <span class='ocrx_word' id='word_1_178' title='bbox 614 2800 776 2906; x_wconf 79' lang='lat' dir='ltr'>fungitur</span> <span class='ocrx_word' id='word_1_179' title='bbox 795 2803 891 2880; x_wconf 90' lang='lat' dir='ltr'>inter</span> <span class='ocrx_word' id='word_1_180' title='bbox 913 2797 1083 2878; x_wconf 87' lang='lat' dir='ltr'>homines</span> <span class='ocrx_word' id='word_1_181' title='bbox 1098 2801 1236 2880; x_wconf 89' lang='lat' dir='ltr'>Ponti·</span> 
     </span>
     <span class='ocr_line' id='line_1_26' title="bbox 241 2899 1263 3003; baseline -0.006 -17"><span class='ocrx_word' id='word_1_182' title='bbox 241 2905 303 2986; x_wconf 84' lang='lat' dir='ltr'>fex</span> <span class='ocrx_word' id='word_1_183' title='bbox 318 2903 508 2996; x_wconf 90' lang='lat' dir='ltr'>Maximus,</span> <span class='ocrx_word' id='word_1_184' title='bbox 534 2902 689 2982; x_wconf 88' lang='lat' dir='ltr'>violatae</span> <span class='ocrx_word' id='word_1_185' title='bbox 701 2903 775 2980; x_wconf 86' lang='lat' dir='ltr'>stne</span> <span class='ocrx_word' id='word_1_186' title='bbox 792 2901 908 2982; x_wconf 90' lang='lat' dir='ltr'>dubio</span> <span class='ocrx_word' id='word_1_187' title='bbox 923 2899 1114 2980; x_wconf 88' lang='lat' dir='ltr'>maiestatis</span> <span class='ocrx_word' id='word_1_188' title='bbox 1130 2901 1233 2980; x_wconf 87' lang='lat' dir='ltr'>diui·</span> <span class='ocrx_word' id='word_1_189' title='bbox 1262 2969 1263 3003; x_wconf 59' lang='lat'>,</span> 
     </span>
     <span class='ocr_line' id='line_1_27' title="bbox 240 3000 1233 3110; baseline -0.002 -26"><span class='ocrx_word' id='word_1_190' title='bbox 240 3031 311 3085; x_wconf 89' lang='lat' dir='ltr'>nae</span> <span class='ocrx_word' id='word_1_191' title='bbox 330 3007 397 3092; x_wconf 91' lang='lat' dir='ltr'>rei,</span> <span class='ocrx_word' id='word_1_192' title='bbox 423 3003 642 3108; x_wconf 89' lang='lat' dir='ltr'>perduelles,</span> <span class='ocrx_word' id='word_1_193' title='bbox 671 3003 802 3110; x_wconf 86' lang='lat' dir='ltr'>perfidi</span> <span class='ocrx_word' id='word_1_194' title='bbox 825 3003 917 3089; x_wconf 78' lang='lat' dir='ltr'>lunt,</span> <span class='ocrx_word' id='word_1_195' title='bbox 944 3003 1007 3105; x_wconf 93' lang='lat' dir='ltr'>qui</span> <span class='ocrx_word' id='word_1_196' title='bbox 1031 3000 1148 3090; x_wconf 84' lang='lat' dir='ltr'>secus,</span> <span class='ocrx_word' id='word_1_197' title='bbox 1172 3027 1233 3082; x_wconf 86' lang='lat' dir='ltr'>at·</span> 
     </span>
     <span class='ocr_line' id='line_1_28' title="bbox 220 3102 1233 3210; baseline 0 -24"><span class='ocrx_word' id='word_1_198' title='bbox 220 3131 318 3209; x_wconf 64' lang='lat' dir='ltr'>xque</span> <span class='ocrx_word' id='word_1_199' title='bbox 330 3105 392 3186; x_wconf 89' lang='lat' dir='ltr'>ille</span> <span class='ocrx_word' id='word_1_200' title='bbox 407 3107 498 3192; x_wconf 85' lang='lat' dir='ltr'>vult,</span> <span class='ocrx_word' id='word_1_201' title='bbox 525 3103 657 3184; x_wconf 91' lang='lat' dir='ltr'>sentire</span> <span class='ocrx_word' id='word_1_202' title='bbox 679 3129 718 3184; x_wconf 89' lang='lat' dir='ltr'>et</span> <span class='ocrx_word' id='word_1_203' title='bbox 738 3131 843 3207; x_wconf 81' lang='lat' dir='ltr'>agere</span> <span class='ocrx_word' id='word_1_204' title='bbox 858 3105 1010 3182; x_wconf 89' lang='lat' dir='ltr'>audent:</span> <span class='ocrx_word' id='word_1_205' title='bbox 1032 3129 1132 3210; x_wconf 71' lang='lat' dir='ltr'>quos</span> <span class='ocrx_word' id='word_1_206' title='bbox 1146 3102 1233 3186; x_wconf 79' lang='lat' dir='ltr'>s1tu</span> 
     </span>
     <span class='ocr_line' id='line_1_29' title="bbox 240 3205 1226 3312; baseline 0 -24"><span class='ocrx_word' id='word_1_207' title='bbox 240 3231 323 3288; x_wconf 88' lang='lat' dir='ltr'>non</span> <span class='ocrx_word' id='word_1_208' title='bbox 339 3207 460 3286; x_wconf 86' lang='lat' dir='ltr'>dicam</span> <span class='ocrx_word' id='word_1_209' title='bbox 473 3207 656 3312; x_wconf 76' lang='lat' dir='ltr'>diligeres,</span> <span class='ocrx_word' id='word_1_210' title='bbox 681 3232 806 3285; x_wconf 89' lang='lat' dir='ltr'>verum</span> <span class='ocrx_word' id='word_1_211' title='bbox 821 3233 938 3310; x_wconf 90' lang='lat' dir='ltr'>aequo</span> <span class='ocrx_word' id='word_1_212' title='bbox 960 3207 1083 3284; x_wconf 88' lang='lat' dir='ltr'>animo</span> <span class='ocrx_word' id='word_1_213' title='bbox 1098 3205 1226 3288; x_wconf 81' lang='lat' dir='ltr'>ferres,</span> 
     </span>
     <span class='ocr_line' id='line_1_30' title="bbox 241 3303 1261 3418; baseline -0.006 -32"><span class='ocrx_word' id='word_1_214' title='bbox 241 3305 360 3410; x_wconf 89' lang='lat' dir='ltr'>ipsum</span> <span class='ocrx_word' id='word_1_215' title='bbox 376 3313 506 3388; x_wconf 78' lang='lat' dir='ltr'>lrsvn</span> <span class='ocrx_word' id='word_1_216' title='bbox 524 3315 762 3390; x_wconf 77' lang='lat' dir='ltr'>Cuntsrvn</span> <span class='ocrx_word' id='word_1_217' title='bbox 780 3307 949 3412; x_wconf 80' lang='lat' dir='ltr'>exquifita</span> <span class='ocrx_word' id='word_1_218' title='bbox 963 3311 1089 3386; x_wconf 91' lang='lat' dir='ltr'>iniuria</span> <span class='ocrx_word' id='word_1_219' title='bbox 1103 3303 1226 3418; x_wconf 69' lang='lat' dir='ltr'>affice3</span> <span class='ocrx_word' id='word_1_220' title='bbox 1260 3375 1261 3418; x_wconf 29' lang='grc' dir='ltr'><strong><em>Ν</em></strong></span> 
     </span>
     <span class='ocr_line' id='line_1_31' title="bbox 240 3405 1261 3512; baseline -0.009 -22"><span class='ocrx_word' id='word_1_221' title='bbox 240 3433 309 3490; x_wconf 84' lang='lat' dir='ltr'>res.</span> <span class='ocrx_word' id='word_1_222' title='bbox 358 3410 475 3512; x_wconf 78' lang='lat' dir='ltr'>Qud</span> <span class='ocrx_word' id='word_1_223' title='bbox 497 3409 522 3490; x_wconf 90' lang='lat' dir='ltr'>li</span> <span class='ocrx_word' id='word_1_224' title='bbox 542 3435 657 3511; x_wconf 86' lang='lat' dir='ltr'>porro</span> <span class='ocrx_word' id='word_1_225' title='bbox 682 3407 849 3488; x_wconf 83' lang='lat' dir='ltr'>eamdem</span> <span class='ocrx_word' id='word_1_226' title='bbox 864 3411 933 3490; x_wconf 83' lang='lat' dir='ltr'>elle</span> <span class='ocrx_word' id='word_1_227' title='bbox 950 3412 1069 3490; x_wconf 92' lang='lat' dir='ltr'>voluit</span> <span class='ocrx_word' id='word_1_228' title='bbox 1081 3405 1231 3512; x_wconf 89' lang='lat' dir='ltr'>imp&#39;erit</span> <span class='ocrx_word' id='word_1_229' title='bbox 1260 3463 1261 3466; x_wconf 16' lang='lat' dir='ltr'>a</span> 
     </span>
     <span class='ocr_line' id='line_1_32' title="bbox 241 3507 1261 3616; baseline -0.007 -26"><span class='ocrx_word' id='word_1_230' title='bbox 241 3511 327 3590; x_wconf 87' lang='lat' dir='ltr'>sacri</span> <span class='ocrx_word' id='word_1_231' title='bbox 341 3508 495 3589; x_wconf 80' lang='lat' dir='ltr'>soranam</span> <span class='ocrx_word' id='word_1_232' title='bbox 521 3515 691 3591; x_wconf 78' lang='lat' dir='ltr'>Seturtor</span> <span class='ocrx_word' id='word_1_233' title='bbox 705 3511 946 3600; x_wconf 73' lang='lat' dir='ltr'>sandiffimus,</span> <span class='ocrx_word' id='word_1_234' title='bbox 967 3514 1077 3616; x_wconf 76' lang='lat' dir='ltr'>quam</span> <span class='ocrx_word' id='word_1_235' title='bbox 1094 3507 1231 3594; x_wconf 81' lang='lat' dir='ltr'>ciuilis,</span> <span class='ocrx_word' id='word_1_236' title='bbox 1260 3529 1261 3567; x_wconf 66' lang='lat' dir='ltr'>l</span> 
     </span>
     <span class='ocr_line' id='line_1_33' title="bbox 241 3612 1230 3717; baseline -0.005 -27"><span class='ocrx_word' id='word_1_237' title='bbox 241 3615 345 3716; x_wconf 90' lang='lat' dir='ltr'>quod</span> <span class='ocrx_word' id='word_1_238' title='bbox 362 3614 621 3712; x_wconf 75' lang='lat' dir='ltr'>magistratibus</span> <span class='ocrx_word' id='word_1_239' title='bbox 636 3612 673 3690; x_wconf 93' lang='lat' dir='ltr'>in</span> <span class='ocrx_word' id='word_1_240' title='bbox 689 3615 984 3717; x_wconf 85' lang='lat' dir='ltr'>ciuesimprobos</span> <span class='ocrx_word' id='word_1_241' title='bbox 995 3637 1033 3692; x_wconf 88' lang='lat' dir='ltr'>et</span> <span class='ocrx_word' id='word_1_242' title='bbox 1045 3633 1230 3690; x_wconf 87' lang='lat' dir='ltr'>nouarum</span> 
     </span>
     <span class='ocr_line' id='line_1_34' title="bbox 243 3709 1232 3820; baseline -0.007 -27"><span class='ocrx_word' id='word_1_243' title='bbox 243 3741 363 3794; x_wconf 87' lang='lat' dir='ltr'>rerum</span> <span class='ocrx_word' id='word_1_244' title='bbox 386 3713 582 3800; x_wconf 80' lang='lat' dir='ltr'>studiosos,</span> <span class='ocrx_word' id='word_1_245' title='bbox 608 3715 707 3792; x_wconf 90' lang='lat' dir='ltr'>idem</span> <span class='ocrx_word' id='word_1_246' title='bbox 730 3717 899 3820; x_wconf 85' lang='lat' dir='ltr'>supremo</span> <span class='ocrx_word' id='word_1_247' title='bbox 923 3715 1092 3792; x_wconf 77' lang='lat' dir='ltr'>ecclefite</span> <span class='ocrx_word' id='word_1_248' title='bbox 1115 3709 1232 3792; x_wconf 88' lang='lat' dir='ltr'>iudici</span> 
     </span>
    </p>
   </div>
   <div class='ocr_carea' id='block_1_4' title="bbox 243 3812 1259 3990">
    <p class='ocr_par' dir='ltr' id='par_1_13' title="bbox 243 3812 1259 3990">
     <span class='ocr_line' id='line_1_35' title="bbox 243 3812 1259 3900; baseline -0.004 -2"><span class='ocrx_word' id='word_1_249' title='bbox 243 3817 282 3898; x_wconf 88' lang='lat' dir='ltr'>in</span> <span class='ocrx_word' id='word_1_250' title='bbox 296 3817 466 3898; x_wconf 86' lang='lat' dir='ltr'>homines</span> <span class='ocrx_word' id='word_1_251' title='bbox 482 3815 790 3900; x_wconf 75' lang='lat' dir='ltr'>licebitfadliolos</span> <span class='ocrx_word' id='word_1_252' title='bbox 807 3839 844 3896; x_wconf 92' lang='lat' dir='ltr'>et</span> <span class='ocrx_word' id='word_1_253' title='bbox 859 3814 941 3894; x_wconf 74' lang='lat' dir='ltr'>insu</span> <span class='ocrx_word' id='word_1_254' title='bbox 956 3812 1232 3896; x_wconf 78' lang='lat' dir='ltr'>suadetretlan-</span> <span class='ocrx_word' id='word_1_255' title='bbox 1258 3891 1259 3894; x_wconf 10' lang='lat' dir='ltr'>a</span> 
     </span>
     <span class='ocr_line' id='line_1_36' title="bbox 1154 3935 1230 3990; baseline 0 0"><span class='ocrx_word' id='word_1_256' title='bbox 1154 3935 1230 3990; x_wconf 87' lang='lat' dir='ltr'>tes:</span> 
     </span>
    </p>
   </div>
   <div class='ocr_carea' id='block_1_5' title="bbox 1144 4061 1259 4133">
    <p class='ocr_par' dir='ltr' id='par_1_14' title="bbox 1144 4061 1259 4133">
     <span class='ocr_line' id='line_1_37' title="bbox 1258 4061 1259 4078; baseline 0 0"><span class='ocrx_word' id='word_1_257' title='bbox 1258 4061 1259 4078; x_wconf 85' lang='lat' dir='ltr'>l</span> 
     </span>
     <span class='ocr_line' id='line_1_38' title="bbox 1144 4095 1259 4133; baseline 0 0"><span class='ocrx_word' id='word_1_258' title='bbox 1144 4104 1148 4113; x_wconf 79' lang='lat'><strong>‘</strong></span> <span class='ocrx_word' id='word_1_259' title='bbox 1258 4095 1259 4133; x_wconf 86' lang='lat' dir='ltr'>l</span> 
     </span>
    </p>
   </div>
   <div class='ocr_carea' id='block_1_6' title="bbox 0 0 1275 4368">
    <p class='ocr_par' dir='ltr' id='par_1_15' title="bbox 0 0 1275 4368">
     <span class='ocr_line' id='line_1_39' title="bbox 0 0 1275 4368; baseline 0 0"><span class='ocrx_word' id='word_1_260' title='bbox 0 0 1275 4368; x_wconf 95' lang='lat' dir='ltr'> </span> 
     </span>
    </p>
   </div>
  </div>
 </body>
</html>
