2470 4360
178 228 183 244 ’
217 179 1164 366 annuimusrunnuvnrrnrrorn:

113 441 116 448 '
142 483 144 496 .
198 425 386 544 *publicet
411 423 578 545 intercise
600 421 797 520 fateantur,
824 424 983 530 publico
1010 447 1106 504 eos
1129 431 1204 504 εὸ-

215 551 349 630 rnonto
363 553 557 622 exornant,
633 529 842 607 itarirrunr
862 551 990 606 retunt
1015 531 1188 631 cognit-

89 672 95 682 ·
215 655 266 710 ne
282 651 389 732 atque
403 627 567 708 docendi
608 629 795 710 exteritate
815 653 901 732 prae
922 629 1087 706 ceteris
1105 655 1185 708 ero

216 732 313 813 lunt:
332 725 574 834 negantuerb
590 729 791 835 sapientum
808 730 987 833 grauitate
1001 728 1189 834 indigno

214 831 299 923 effe,
314 855 394 910 rern
405 831 603 934 fintplicern
620 841 833 938 suspensor
848 831 1033 910 institutis
1048 831 1191 912 obus:

212 931 400 1026 fontibus,
421 959 514 1036 quac
534 933 569 1012 se
591 933 695 1012 nulio
717 926 1197 1036 atio,'qurn.-anttquroa

122 1055 125 1072 ·
214 1035 389 1128 nomine,
418 1035 513 1112 tueri
536 1055 682 1139 queant.
756 1033 917 1115 Primum
943 1037 1201 1116 caeremon.

207 1139 296 1216 nnn
321 1135 523 1216 nostrarum
545 1138 680 1214 natales
700 1137 739 1214 in
757 1133 1077 1216 contemtionem
1101 1137 1200 1216 addc

10 1283 14 1295 ·
89 1231 94 1246 '
214 1237 527 1322 cunt:.ottasesse
542 1239 729 1316 aiuntiiiis
744 1257 1000 1331 exurente,
1028 1261 1118 1341 quo
1142 1241 1211 1316 ba·-

183 1415 186 1428 ,
213 1341 330 1420 bnties
357 1345 398 1418 in
424 1340 565 1417 Scholis
592 1339 700 1418 vnice
727 1338 987 1442 imperauerit,
1021 1339 1212 1419 Pontifex

213 1443 403 1520 Romanus
429 1439 626 1544 impotenti
649 1441 902 1520 dominatione
924 1439 1209 1544 ternpnbiicnu

212 1541 453 1621 Christianam
476 1542 705 1622 constribiant
725 1542 909 1627 tenuerit,
945 1540 1206 1644 scientiaeque
1232 1551 1233 1592 ¹

151 1727 156 1736 ,
211 1643 308 1746 ipsae
327 1641 409 1746 plus
432 1641 565 1748 spetiei
585 1666 623 1722 et
644 1644 760 1722 inanis
781 1641 1066 1739 ostentationis,
1091 1669 1206 1746 quarn

212 1743 373 1824 veritatis
386 1743 593 1826 habuerint:
615 1744 813 1826 vniuersrm
827 1769 918 1848 ergo
936 1743 1202 1826 hanescenorn

92 1874 99 1882 ·
151 1923 156 1932 ,
212 1845 315 1931 inter
336 1866 462 1948 turpes
487 1847 697 1925 Antichristi
721 1847 889 1950 reliquias
919 1847 1194 1926 numerandam
1233 1828 1234 1912 i

214 1945 309 2034 erse,
333 1971 421 2050 quas
435 1952 567 2028 metito
582 1948 804 2026 obiiciantet
821 1944 1042 2064 repudient,
1065 1950 1193 2051 quibu

211 2048 339 2154 purior
354 2073 460 2128 curae
475 2046 589 2126 fitreli
618 2051 662 2126 io.
713 2047 806 2152 lpsns
814 2049 939 2127 derude
953 2048 1197 2128 caerimoniis

214 2149 380 2228 vanitatis
393 2149 574 2228 accusent:
588 2075 690 2228 &teile
702 2150 891 2269 inquiunt,
903 2172 1042 2268 patere,
1056 2150 1106 2263 ab
1121 2152 1194 2225 Iro-

210 2247 373 2326 minibus
391 2249 461 2327 effe
473 2249 657 2346 inuentas,
673 2276 742 2430 qur
753 2276 840 2334 ‚non
852 2275 1000 2354 rngenro
1017 2249 1187 2350 quidem,

211 2368 249 2428 tt
262 2345 408 2428 sinitaut
421 2355 611 2430 caruerint.
710 2347 845 2434 Iterum
868 2351 1070 2432 facultatem
1083 2349 1189 2452 {inqi-

212 2473 290 2532 ttre
324 2449 529 2532 Dobiorern
568 2452 730 2536 creandi:
770 2454 940 2534 Alterum
970 2449 1195 2560 potestatem

211 2551 316 2632 istarn
331 2553 549 2635 concedere.
578 2551 802 2659 *Vtrumque
816 2553 861 2634 ad
873 2554 1035 2661 speciem
1047 2575 1194 2632 tuntum

211 2653 311 2750 fieri,
338 2657 493 2760 plusque
514 2655 671 2738 fabulam
695 2679 734 2736 et
752 2657 880 2736 ludum
899 2653 1058 2745 referte,
1083 2679 1194 2759 quant

158 2839 164 2850 ,
213 2781 294 2834 rent
310 2755 446 2859 seriam.
525 2759 682 2852 Pileurn,
705 2758 839 2854 libros,
864 2755 1051 2844 osculum,
1075 2782 1194 2836 annu·

103 2913 109 2924 ‚
211 2856 289 2966 lunt
306 2859 462 2938 certiora
475 2860 652 2940 humanae
671 2861 849 2952 leuitatis,
880 2883 990 2962 quant
1012 2859 1191 2940 virtuttrrn

212 2980 255 3034 et
283 2959 531 3040 doiitintrunr
561 2960 658 3064 signa
686 2960 772 3042 esse:
809 2960 834 3038 sr
862 2986 968 3063 quarn
994 2958 1196 3040 habuerint

213 3058 303 3136 oiirn
325 3061 562 3140 haecomnia
583 3087 628 3140 ex
649 3063 830 3168 opinione
845 3061 1038 3140 hominurn
1059 3057 1084 3140 ii
1144 3063 1153 3078 '
1178 3103 1194 3116 -

96 3199 103 3213 ·
214 3159 419 3267 cononem,
432 3189 509 3246 earn
524 3163 637 3242 bodie
651 3161 1015 3270 prorsusexstinbiarn
1029 3183 1067 3242 et
1089 3161 1196 3238 ubla-

215 3283 289 3340 tam
305 3261 404 3348 effer.
419 3265 539 3344 verbis
559 3265 678 3344 multo
698 3265 827 3348 clarius
850 3263 889 3344 ei
912 3263 1048 3343 certius
1061 3261 1197 3342 tninris

215 3359 377 3444 instillari
391 3366 492 3470 poiie
506 3361 647 3469 omnia,
670 3393 764 3470 quae
783 3363 960 3446 Dotions
974 3387 1038 3444 aut
1055 3369 1197 3482 exigat,

210 3467 531 3644 tursolliceatun
559 3465 703 3563 rioilus,
753 3493 836 3546 uam
856 3467 1072 3572 imaginibus
1098 3491 1196 3544 erus-

211 3589 277 3654 rno
306 3567 340 3660 i,
362 3593 540 3652 euentum
556 3496 815 3658 testarinobis,
843 3569 1051 3649 cuiushaee
1064 3573 1195 3646 omnir

211 3668 362 3793 generis
372 3668 449 3756 sint
509 3670 620 3755 Idem
640 3677 790 3754 euenire
804 3671 934 3762 nobit,
956 3667 1064 3780 quod
1073 3669 1190 3852 tgrhi

1138 3797 1190 3850 ro·
