2458 4340
88 199 152 232 ²‘'
220 244 1112 400 342DEH0D1'FRNAR0MAERMON1?
1213 209 1214 242 *

129 525 134 528 .
219 459 293 536 vim
307 457 415 536 habet
425 456 469 533 ad
486 453 771 556 persuadendum
783 461 799 541 ‚'
819 453 863 532 ad
886 454 1026 534 animos
1038 450 1183 532 fleden-

132 619 135 624 .
218 560 291 636 dos
313 584 351 636 et
371 558 618 644 molliendos,
652 556 696 634 ad
715 555 891 634 dutiffimn
906 555 1027 656 queuis
1042 553 1183 656 pedore

149 675 151 682 “
221 660 484 746 demulcenda,
498 659 600 760 quis,
627 659 728 760 quod
744 683 869 735 verum
883 657 997 758 ipsum
1010 681 1089 732 non
1104 681 1183 757 pot·

155 819 158 824 ,
208 763 292 853 est,
313 761 417 840 triste
436 784 560 838 natura
575 760 630 836 sun
650 785 688 837 et
703 761 878 838 humanae
891 759 1006 836 indoli
1024 759 1185 850 inuisum,

220 863 260 944 id
289 863 427 940 decens
454 863 529 938 veri
550 861 696 938 amicius
717 885 755 936 et
773 885 920 942 ornatus
941 859 1047 962 saepe
1061 857 1186 940 efficio

222 965 288 1067 qui
304 965 462 1042 astrenut
475 963 552 1054 illt,
574 984 645 1140 put
658 961 1113 1067 maximaparsmortalium
1130 963 1186 1039 de·

222 1067 392 1152 letlntor,
422 1063 548 1142 inertia
589 1066 770 1142 cribentes
797 1087 950 1148 monet,
983 1061 1093 1140 dulce
1120 1065 1188 1142 vtili

161 1213 164 1221 ·
223 1165 446 1245 miscendum
468 1163 560 1244 elle..
618 1163 735 1266 ipsum
758 1164 867 1251 illnd,
894 1161 1188 1270 fiabsolutelpe·

223 1267 359 1355 daur,
375 1263 558 1344 ¹sermonis
581 1265 774 1369 purgandi,
799 1265 947 1344 limandi
978 1289 1017 1343 et
1040 1267 1188 1346 ornandi

223 1369 381 1484 {ludioni
404 1367 496 1445 exile
518 1367 590 1458 est,
611 1393 683 1482 nec
698 1392 918 1484 ,magnetum
935 1367 1186 1448 etexcellenti·

223 1467 644 1650 lll‘l‘lllllllll
658 1467 1080 1674 tlzlllllzltlll:
1097 1467 1188 1676 {gd

225 1673 327 1852 pium
348 1670 417 1764 est,
442 1696 515 1787 nec
535 1671 723 1774 postremo
743 1671 831 1748 loco
853 1675 949 1750 inter
964 1672 1053 1750 boni
1069 1676 1137 1754 viri
1159 1693 1188 1748 et

255 1775 375 1850 unioni
394 1797 535 1874 genens
548 1773 698 1850 amantis
712 1769 829 1852 officia
838 1773 1067 1876 ponendum.
1109 1781 1185 1854 Non

228 1874 354 1974 exigua
369 1897 448 1975 pars
463 1895 612 1961 eorum,
636 1883 726 1970 (nec
738 1875 855 1966 enim,
870 1874 975 1976 quod
988 1901 1046 1952 res
1061 1879 1133 1962 est,
1146 1873 1184 1952 li-

120 2022 124 2042 ·
229 1973 407 2056 fitendutn
423 1975 593 2053 ducimus
602 1979 632 2069 ,)
659 2001 752 2076 quae
763 1975 859 2060 inter
872 2001 943 2052 nos
965 1979 1104 2078 magnis
1127 1979 1188 2056 ani·

230 2101 376 2154 morum
392 2077 555 2154 motibus
569 2073 794 2178 dilputantur
808 2101 846 2154 et
862 2077 1126 2157 contentiosius
1144 2080 1190 2154 in-

210 2176 396 2266 ·terdum,
426 2201 533 2277 quam
547 2202 612 2280 par
632 2178 702 2272 cst,
728 2177 967 2280 disputantur,
992 2204 1114 2284 parum
1139 2197 1193 2254 sut

231 2277 321 2356 nihil
342 2278 450 2356 habet
468 2275 669 2379 dignitatis:
701 2279 853 2364 litteras,
885 2282 1018 2396 apices,
1048 2279 1188 2354 voculas

230 2377 335 2480 saepe
361 2378 624 2462 conl'eclamur'3
649 2403 685 2457 at
710 2380 783 2458 hoc
809 2405 961 2460 nomine
987 2377 1124 2484 quinos
1138 2401 1194 2456 re-

173 2481 176 2492 '
230 2478 484 2584 prehendunt,
509 2481 559 2557 illi
578 2507 623 2560 ex
643 2481 697 2559 his
719 2479 859 2560 leuibus
879 2505 918 2560 et
937 2481 1131 2560 contemtis
1144 2480 1193 2558 in·

230 2580 545 2684 terrogatiunculis
572 2582 786 2686 dignitatem
812 2603 850 2660 et
873 2580 1103 2687 splendorem
1126 2605 1191 2660 ort·

230 2685 343 2762 tionis
369 2683 533 2786 pendere
562 2683 844 2786 quodammodo
872 2684 1192 2787 non'perspiciunt.

134 2872 141 2885 x
230 2785 281 2901 Si·
295 2785 383 2862 nihil
405 2786 522 2877 aliud,
555 2785 628 2864 hoc
649 2809 770 2864 tamen
792 2784 898 2862 nobis
921 2787 1101 2904 praeliant
1117 2783 1194 2862 istac

151 2949 159 2964 .
231 2909 392 2964 minutae
407 2908 724 2978 concertationes,
741 2911 788 2962 ne
805 2911 938 2964 maiora
955 2909 1039 2965 vitta
1053 2907 1195 2968 etmon·

232 2988 300 3063 stra
311 2986 352 3063 in
369 2987 597 3088 prouinciam
613 2991 770 3066 nostram
785 2988 983 3095 irmmptnt
991 3043 1004 3084 ,
1026 3011 1066 3070 et
1083 2995 1122 3071 in
1134 2981 1192 3092 ipss

143 3137 149 3150 ·
235 3087 468 3190 eloquentiae
482 3087 615 3168 viscera
630 3111 835 3196 penetrent

281 3291 383 3368 Bene
396 3287 566 3370 sesehtec
580 3296 703 3368 omnia
719 3291 866 3386 habent,
880 3317 999 3396 neque
1006 3283 1197 3397 oppugnari

144 3433 147 3445 ‚
233 3389 388 3469 honeste
404 3391 569 3495 poilisnt,
594 3391 712 3470 nisiab
727 3393 811 3480 lllis,
838 3396 899 3496 qui
915 3417 1028 3474 totam
1046 3387 1197 3474 benedi·

126 3525 131 3532 ·
224 3491 343 3569 cendi
359 3516 471 3572 ortem
489 3495 660 3573 ludicram
675 3517 713 3572 et
725 3519 849 3573 vanam
864 3493 934 3573 elle
948 3517 1095 3600 putant,
1105 3481 1198 3592 quod

234 3611 358 3670 tamen
381 3597 609 3696 genus,·hac
636 3616 734 3674 tonte
756 3597 958 3698 gennaniae
978 3597 1081 3686 luce,
1118 3593 1199 3670 inter

195 3787 211 3800 ‚
234 3691 406 3772 homines
424 3697 483 3777 vel
502 3697 740 3780 mediocriter
758 3696 942 3802 institutos
975 3721 1013 3780 et
1035 3695 1201 3872 eduppfltol
