2458 4340
86 222 125 340 ’ζ
202 173 273 332 ῃᾼ
310 229 379 312 na
397 197 685 320 anamma·
708 217 834 356 Rota.
856 177 1109 318 sunnonis

195 439 274 496 rem
289 415 415 516 secum
429 415 582 516 vehant,
606 413 802 518 terbisque
823 413 930 518 gratis
947 439 986 496 et
1004 418 1183 524 probabi-

197 515 291 594 libus
299 519 422 596 vestita
438 541 685 620 compareant.
736 521 858 610 llaec,
872 531 977 621 'quae
991 521 1084 600 vitae
1101 523 1181 602 vsus

194 615 297 719 supra
311 645 461 710 amnem
478 619 746 698 dubitationem
765 617 912 706 auehit,
938 619 1071 724 siquid
1117 651 1177 702 os·

151 730 175 820 j
195 717 299 807 sunt,
324 721 508 806 refellant:
526 721 632 798 nubis
647 721 866 798 intereahoc
883 745 993 805 vnum
1014 649 1174 819 etegent,

195 817 246 897 stc
263 819 376 923 longe
397 821 579 923 plurimis,
612 845 685 897 nec
703 822 835 925 ineptis
861 821 943 902 viris
1001 821 1174 903 ersuasum

194 919 286 1007 effe,
325 923 391 1029 qui
414 923 583 1001 vanitatis.
602 923 726 1000 vtilem
749 921 940 1024 quamdam
965 849 1179 1006 (leuitatem

103 1052 117 1132 ς,
195 1022 402 1125 postulant,
416 1043 481 1104 eos
492 1024 840 1117 emendantem„
860 1049 967 1126 quam
981 1049 1019 1104 vt
1032 1052 1115 1106 eam
1125 1057 1181 1106 ae

194 1123 294 1226 sequi
309 1123 459 1227 palliat,
480 1147 543 1203 aut
558 1123 760 1229 segniores,
779 1149 888 1230 quam
909 1148 948 1208 vt
971 1151 1053 1206 eam
1071 1156 1182 1210 cotn-

101 1247 104 1262 ’
190 1225 397 1330 paratestbi
411 1226 537 1306 velint.
953 1240 956 1246 '

137 1490 138 1500 t
190 1479 194 1486 -
243 1431 343 1510 Cum
368 1430 480 1510 altera
506 1453 659 1534 genere,
686 1432 791 1534 quod
822 1433 1068 1514 Germanicam
1110 1437 1180 1512 ela-

222 1535 380 1608 uentiam
393 1534 490 1632 langa
502 1537 633 1624 latinae
645 1536 838 1636 anteponit,
863 1535 1031 1634 hancque
1047 1559 1182 1614 conta·

190 1557 346 1710 {escere
370 1657 409 1712 et
430 1636 579 1712 interire
602 1639 724 1738 optat,
748 1661 826 1738 quo
849 1636 907 1714 illa
922 1630 995 1712 sola
1012 1635 1114 1714 viuat
1140 1661 1180 1716 et

195 1735 331 1829 valeat,
365 1737 487 1839 paullo
511 1761 529 1814 a
556 1763 611 1814 am
630 1735 819 1839 copiosius.
872 1743 989 1829 Nam,
1009 1759 1052 1814 ut
1075 1763 1175 1816 nuuc

194 1833 280 1914 sunt
299 1859 487 1944 tempora,
510 1763 591 1943 plus
614 1843 654 1916 iu
677 1837 754 1916 dies
777 1837 956 1916 fautorum
979 1861 1018 1916 et
1037 1840 1170 1916 amica

95 1957 105 1980 ¹
185 1961 276 2016 aum
301 1937 364 2016 fibi
387 1941 549 2118 οοΙΙὶΞίτ,
576 1962 613 2016 et
634 1965 654 2016 a
675 1937 927 2043 potentiffimo
949 1939 1035 2029 illo,
1059 1965 1177 2040 quem

184 2063 322 2117 natura
336 2064 467 2120 omnes
491 2043 670 2134 antimus,
692 2049 817 2120 amore
832 2041 1180 2146 pattiaevehemen-

194 2161 253 2218 aer
273 2141 462 2219 adiuuatur
487 2165 527 2220 et
537 2143 748 2222 ‘roboratun
830 2145 1051 2248 Queramus
1078 2165 1177 2222 ante

16 2323 27 2334 ,
119 2313 121 2323 ,
185 2241 338 2329 amnia,
363 2240 452 2345 quid
474 2245 512 2320 in
535 2239 840 2348 disceptationem
854 2239 989 2332 veniat,
1014 2266 1061 2316 ne
1077 2239 1179 2334 visa,

186 2357 277 2420 'non
292 2341 429 2436 oblata,
454 2341 518 2420 sed
532 2344 631 2438 fieta,
645 2343 840 2424 debellate
854 2343 1045 2424 videamur:
1059 2343 1179 2440 quod

182 2462 244 2522 ·'eo
259 2445 373 2548 magis
390 2445 622 2524 neceffitrium
636 2449 707 2540 est,
733 2451 906 2547 quoniam
918 2503 929 2539 ‚
943 2445 1011 2550 'qui
1029 2466 1183 2545 genna·

180 2547 315 2624 nicam
332 2547 489 2650 linguam
505 2546 691 2627 defensum
705 2548 876 2641 veniunt,
892 2547 1182 2631 ¹faciemcrebro

181 2652 357 2742 mutant,
384 2675 457 2728 nec
489 2649 657 2728 eamdem
688 2649 795 2726 uobis
829 2675 967 2752 omnes,
988 2648 1180 2750 quaestio-

193 2773 281 2828 nem
299 2775 440 2852 ponere
456 2749 584 2830 solent.
637 2753 726 2828 Hoc
743 2751 852 2851 igitur
868 2749 894 2852 st
910 2745 1176 2828 vernaculiser-

179 2853 315 2930 monis
330 2853 475 2954 patroni
491 2853 568 2955 dari
582 2851 643 2930 sthi
656 2878 677 2928 a
691 2852 801 2930 nobis
817 2853 949 2938 velint,
973 2853 1036 2954 qui
1050 2851 1087 2928 in
1102 2848 1180 2928 lin·

194 2979 286 3054 guae
306 2953 437 3031 latinae
454 2953 624 3032 facultate
643 2953 706 3032 fibi
727 2952 969 3058 comparanda
992 2948 1182 3031 consene-

178 3049 310 3146 ¹scant,
342 3076 383 3131 ct
408 3079 540 3132 omnes
566 3055 675 3134 animi
703 3054 798 3134 vires
822 3055 1035 3147 absumant,
1071 3055 1180 3134 nulla

177 3157 337 3233 liutru'ae
350 3157 484 3258 paniae
497 3155 555 3232 vel
570 3155 720 3260 ipsarum
738 3179 858 3251 rerum
873 3161 1016 3236 ratione
1029 3153 1181 3248 habita,

163 3221 309 3336 ¹malus
330 3279 370 3334 et
391 3258 552 3358 ingratos
575 3263 676 3338 ciues
697 3255 783 3340 elset
810 3259 960 3336 boniet
981 3255 1060 3335 iusti
1078 3257 1182 3336 ciuis

174 3356 281 3450 effe,
305 3358 444 3436 adeam
463 3363 596 3436 curiam
607 3360 842 3452 mutabere,
863 3360 1017 3438 maxime
1031 3356 1056 3436 st
1070 3361 1182 3477 vulgi

68 3449 78 3472 '
174 3481 273 3561 ‘pars
286 3459 356 3536 else
368 3460 482 3545 nolit,
511 3483 620 3551 ntea,
646 3485 788 3565 quama
808 3461 1005 3538 maioribus
1025 3483 1177 3566 accepit

174 3557 357 3637 traditam
372 3561 530 3665 linguam
546 3587 655 3666 pure,
677 3561 771 3666 persy
785 3564 888 3657 icue,
915 3559 1107 3645 concinne
1133 3589 1178 3640 at

172 3659 340 3764 copiose
367 3661 523 3741 scribere
548 3661 683 3747 discatt
724 3690 742 3740 a
805 3687 1065 3768 germanorum
1093 3663 1180 3740 hoc

68 3823 95 3860 .,
171 3762 375 3867 Δρειιὶτιετε
396 3764 510 3844 decue
534 3787 576 3846 et
599 3765 777 3872 gloriam,
808 3793 867 3856 vt,
899 3791 979 3872 qua
999 3785 1179 3880 vtunma,

1091 3889 1176 3944 aut·
