2458 4340
1 277 9 300 .
80 163 85 173 ¹
149 159 502 316 cvcuvuanr
528 191 893 308 uacassmaru
921 251 1068 330 315„

1 441 18 488 ³⁶-
41 419 122 526 post
152 419 283 520 longas
321 410 603 492 deliberationes
633 396 857 492 scientiarum
891 411 1016 488 collos
1053 401 1107 498 ,ζ’

1 517 18 590 fi
42 519 236 600 constituta
253 517 329 594 est..
346 513 406 590 sed
425 510 512 590 casu.
555 513 686 594 nlulro
708 511 826 592 minus
841 509 1017 590 deteriori
1119 545 1122 554 ¹

42 623 160 702 hodio
181 617 399 696 conditione
421 613 583 692 liberales
605 613 718 692 elsenr
742 612 968 720 disciplinae,
992 611 1019 692 li

2 725 16 794 .ῑῖ·
39 720 240 802 maioribus
256 719 327 794 alio
342 713 516 806 sermonis
530 741 664 817 genere
679 715 862 794 scientiam
876 739 913 794 et
937 741 1020 794 eru·

6 843 20 896 t·
40 823 227 904 ditionem
241 818 285 898 ad
295 819 460 920 posteros
474 819 666 894 transferre
689 817 882 933 placuisset.
932 819 1021 895 For·
1045 839 1051 850 ’
1202 901 1204 912 ,

40 949 83 1004 te
109 922 237 1000 melius
259 919 329 1008 sese
348 916 547 998 habuissent
562 917 773 1022 disciplinae
786 920 1036 1020 Graecorum.
1157 952 1162 972 =

1 1047 20 1124 et
41 1023 175 1102 litteris
190 1021 348 1102 traditae.
401 1025 496 1099 Nam
512 1043 607 1122 quae
618 1019 917 1124 nuncaplurimis
926 1018 1023 1124 sper·
1061 1075 1065 1080 ι

1 1127 19 1208 n
43 1147 201 1214 nunaut„
219 1124 375 1226 preclara
410 1123 638 1200 Graecorum
672 1143 930 1208 monumenta,
970 1119 1024 1200 ob

1 1255 21 1308 n
44 1227 320 1328 ignorationem
354 1221 575 1325 potissimum
603 1223 766 1325 linguae,
797 1221 1025 1302 inomniutn

1 1361 10 1377 ·’
41 1327 124 1408 sere
139 1327 304 1404 manibus
321 1323 554 1405 versarentur.
591 1391 597 1403 .
632 1323 874 1403 sacientsein
889 1347 1035 1428 puero-1

42 1454 128 1508 rum
152 1427 415 1520 concionibus,
429 1425 507 1528 „qui
527 1425 653 1504 diuino
679 1425 840 1528 quodam
856 1424 1031 1504 instinctu
1111 1501 1119 1508 .

42 1553 168 1609 rerum
192 1528 399 1608 Latinarum
425 1527 538 1606 decus
559 1526 811 1612 conseruerunt
834 1527 904 1606 elle
919 1526 1027 1632 glori-

1 1709 2 1712 .
45 1655 175 1724 antur,
199 1629 274 1710 sane
297 1629 428 1732 quibus
452 1626 523 1732 ipsa
536 1629 693 1734 periisset
708 1629 874 1716 eruditio.
952 1627 1028 1735 llll,
1079 1693 1083 1698 .
1214 1701 1216 1711 .

44 1734 183 1838 quibus
201 1732 295 1813 ratio
316 1755 396 1808 non
410 1729 534 1808 frustra
547 1731 599 1814 est
616 1726 803 1824 concessa,
830 1755 1029 1834 numquam

6 1867 7 1870 ¹
47 1859 90 1932 at
103 1837 145 1914 in
161 1834 259 1914 hanc
279 1831 494 1910 sententiam
508 1830 755 1925 descendant,
776 1831 845 1910 ale
858 1834 1050 1937 impetra·

48 1937 155 2016 bunt.
224 1935 403 2114 aguam
429 1931 539 2037 igitur
571 1934 733 2025 ratione,
758 1933 881 2022 dices,
912 1931 1055 2014 Latini'
1082 1989 1085 1994 ·

50 2036 231 2116 sermonis
297 2033 576 2114 emonstrabitur
601 2031 808 2114 neceffitas?
851 2036 1039 2137 Praestri-¹

43 2139 180 2244 ptionis
195 2138 290 2232 iure,
315 2158 357 2216 vt
371 2159 455 2214 cum
471 2135 737 2221 lurisconsultis
751 2138 890 2240 loquar,
905 2161 1033 2216 etme-
1092 2219 1094 2233 ,

1 2258 3 2333 3
50 2261 116 2329 tu,
140 2263 211 2332 ne,
230 2261 337 2318 nouo
359 2235 533 2317 sermonis
554 2263 689 2341 genere
713 2239 947 2328 introdudlo,
968 2240 1034 2320 de·
1077 2315 1097 2332 ..

1 2337 2 2384 ³
54 2343 223 2447 trimenti
242 2341 437 2444 plurimum
462 2365 520 2418 res
534 2341 680 2444 publica
694 2339 891 2420 litteramm
906 2346 1032 2448 capiat.

1 2451 2 2476 ¹
61 2439 164 2518 Nihil
184 2465 257 2544 ego
279 2439 414 2524 caussae
435 2441 565 2533 video,
591 2465 702 2542 quare
724 2447 940 2522 Latinorum
963 2442 1035 2520 ser-

58 2563 153 2626 mo,
178 2541 457 2626 rotdocllffimis
473 2541 884 2646 hominibusprobarus,
903 2541 1037 2648 posses·

52 2639 163 2722 lione
187 2643 269 2747 poll
298 2667 358 2732 rot
375 2642 511 2722 saecula
534 2642 715 2721 exmrbari
735 2643 891 2722 debeat?
914 2645 950 2722 Si
976 2663 1038 2722 tot

54 2744 120 2824 ille
136 2743 326 2852 sordibus,
350 2767 410 2824 tot
429 2743 737 2847 ambiguitatibus,
764 2767 863 2824 tanta
881 2750 1039 2855 pauper·

57 2867 132 2926 tate
150 2871 189 2926 et
200 2847 325 2952 inopia
340 2847 535 2938 laboraret,
555 2866 597 2923 vt
613 2867 651 2924 et
663 2869 765 2924 aures
778 2846 957 2925 ledarum
981 2844 1053 2946 off

59 2947 248 3062 sentkrer,
274 2971 313 3026 et
328 2948 452 3032 litteris
467 2946 690 3052 explicandis
709 2971 836 3052 parum
855 2945 943 3027 esset
955 2947 1039 3025 ido·

61 3074 195 3145 neus,
213 3047 376 3130 omnino
408 3047 688 3155 proscribendus
723 3047 818 3130 esset.
889 3053 1039 3129 Verum
1095 3065 1101 3080 ’

61 3175 175 3251 quum
199 3177 280 3232 non
300 3151 419 3230 modo
440 3152 535 3230 vitiis
557 3151 632 3228 istis
652 3175 796 3244 careat,
828 3151 890 3231 sed
916 3150 1042 3232 multis

66 3253 172 3332 etiam
196 3252 388 3332 virtutibus
408 3253 482 3330 aliis
508 3252 642 3357 linguis
662 3253 838 3358 praestet,
862 3261 974 3356 quare
987 3251 1043 3332 di·

63 3359 225 3455 gnitate,
248 3353 424 3459 quamdiu
446 3355 583 3448 tenuit,
612 3355 799 3434 exuendus
820 3354 932 3435 esset?
958 3355 1044 3435 Fin-

60 3481 193 3556 gamus
204 3482 314 3551 vero,
337 3455 441 3560 quod
456 3456 607 3534 minime
621 3457 882 3560 metuendum,
904 3457 976 3536 idi
1004 3481 1044 3536 e·

60 3565 102 3633 re
124 3557 309 3653 eruditos,
335 3579 376 3638 vt
397 3558 658 3638 communibus
679 3559 775 3638 hanc
796 3559 958 3663 linguam
972 3483 1045 3638 sis-

62 3656 190 3761 fragiis
208 3685 241 3758 r,
275 3627 423 3757 ursrenr,
453 3659 545 3764 quid
563 3661 795 3740 remesarius
817 3667 1046 3763 erin-quam

61 3685 442 3846 ommaveseoenrer
452 3762 701 3870 perurebantur
718 3761 894 3874 iplirsque
907 3759 1048 3876 desiri-
1064 3811 1079 3826 κ

158 3960 165 3972 ἱ
