2470 4360
807 117 823 166 ἱι

91 421 92 426 Ν
150 345 156 352 -
198 279 267 388 ori
290 301 500 417 oanni
528 301 838 428 renorma,
867 353 890 396 „
911 309 989 408 „64'3
1077 268 1082 282 '

22 477 175 572 candum
202 487 314 566 duces
334 475 436 580 sunt,
460 485 551 594 ipsa,
575 509 654 574 non
672 485 788 565 dicam
809 485 998 592 optimae,
1088 471 1109 554 .'
1176 515 1228 566 μ

19 595 81 674 sed
96 618 173 670 non
187 590 455 695 prorsusmaiae
469 587 692 666 Academiae
713 589 820 668 notio
842 595 990 693 penitus
1081 604 1082 613 ’

19 691 186 772 excludit.
264 695 362 768 Nam
390 693 428 767 in
455 689 618 770 litteratis
645 688 868 784 ciuitatibus,
892 717 989 794 quae
1034 705 1039 720 ¹

18 795 109 872 iden
134 791 352 872 constitutae
381 790 479 878 sunt,
505 815 544 870 vt
566 792 706 884 virtuti,
730 792 856 895 pietati
880 816 923 871 et*
938 791 989 872 sa·

16 896 175 1012 pientiae
189 893 399 982 initientur,
417 893 589 979 iuuenes,
604 891 675 985 illi,
690 893 773 996 qui,
789 893 924 998 pietati,
939 892 989 991 sa·
1103 919 1105 926 ’
1227 907 1228 914 '

15 995 177 1102 pientiae
190 1017 229 1070 et
245 993 364 1072 virtuti
381 995 516 1071 inimici
525 992 616 1086 sunt,
631 1019 711 1072 non
727 993 825 1074 secus
839 994 989 1098 speciari
1093 1083 1094 1096 p

46 1095 181 1182 ossunt,
206 1119 314 1198 quarn
329 1093 452 1172 hostes
468 1095 613 1199 publici.
686 1095 882 1173 Publicurn
897 1119 988 1176 veto
1060 1153 1065 1158 -

14 1123 158 1276 iiostem
180 1195 278 1312 quis,
303 1194 455 1274 obsecro
475 1221 563 1284 voa,
587 1194 651 1272 nist
675 1195 847 1292 demens,
873 1197 911 1274 in
931 1223 989 1276 re·
1072 1217 1076 1234 ·

44 1298 161 1374 ubiica
176 1321 315 1392 viuere,
330 1297 411 1375 'nec
428 1293 570 1389 viuere,
593 1297 655 1374 sed
672 1295 824 1376 insanire
845 1298 989 1401 patitur.
1007 1343 1012 1350 ,

10 1323 154 1474 {Verum
171 1396 313 1474 defino:
342 1401 476 1478 maiora
492 1399 589 1476 enim
607 1399 698 1477 haec
713 1398 811 1494 sunt,
824 1424 933 1504 quarn
947 1421 988 1478 vt

11 1501 162 1602 angusta
177 1501 343 1578 oratione
366 1499 539 1579 concludi
553 1523 697 1608 queant
1021 1523 1025 1532 ·

62 1702 139 1779 Iam
156 1699 179 1780 si
194 1701 272 1803 quis
287 1703 441 1782 vestrum
459 1707 503 1782 e'x
518 1729 578 1782 me
593 1699 805 1798 sciscitetur,
830 1727 919 1782 nurn
935 1723 987 1782 ta·

6 1806 105 1889 iem,
129 1803 272 1906 qualern
293 1807 470 1910 optimam
486 1809 613 1884 vocaui
636 1807 894 1890 Academiam,
912 1804 990 1892 exi·'

6 1907 106 1982 stete
132 1931 281 2006 vsquanr
308 1929 454 2010 putem,
485 1929 523 1984 et
542 1908 684 2009 qualem
707 1910 801 1984 hanc
827 1905 989 1982 nostram

6 2007 84 2086 esse
104 2011 272 2083 credam?
296 2007 450 2110 primurn
474 2008 709 2114 respondebo
733 2007 793 2124 id,
816 2005 921 2110 quod
943 2027 988 2084 ex

6 2105 136 2184 stoicis
159 2105 380 2211 respondere
393 2108 556 2188 solebant
571 2109 636 2187 illi:
658 2109 720 2212 qui
737 2133 855 2188 minua
877 2107 989 2184 habe·
1074 2183 1080 2204 ,
1151 2147 1153 2154 v

6 2211 100 2286 bant
124 2214 365 2312 arrogantiae,
389 2237 473 2289 cum
500 2209 548 2290 de
570 2209 729 2317 sapiente
748 2208 814 2290 suo
838 2231 991 2312 quaeres

6 2330 155 2386 rentur:
186 2313 306 2389 Alium
331 2309 476 2393 suorum
499 2313 569 2390 aiio
594 2311 744 2416 propius
767 2311 812 2390 ad
836 2311 911 2388 veri
937 2308 988 2388 sa-

6 2407 146 2510 pientis
160 2407 314 2485 sormam
329 2435 365 2486 et
377 2415 556 2488 rationem
572 2411 769 2504 accedere,
782 2409 989 2490 uniuersum

6 2507 105 2584 uero
122 2509 330 2611 exemplum
346 2509 512 2610 sapientis
528 2511 592 2586 viri
607 2511 769 2590 uiuendo
787 2537 832 2588 ex
859 2511 989 2588 ressrsie
1075 2554 1080 2562 ·

6 2606 207 2686 nerninem.
263 2611 313 2686 Ea
331 2609 384 2684 est
398 2633 517 2686 rerum
532 2610 764 2690 humanarum
783 2536 987 2698 insilimus,
1154 2611 1161 2618 ’

6 2733 41 2790 rt
62 2705 238 2786 summam
260 2709 526 2814 persedionem
551 2711 647 2790 haud
667 2711 801 2789 ferant:
830 2733 987 2790 conten·
1079 2735 1081 2738 ·
1154 2697 1161 2712 ⁸

6 2837 65 2892 :os
85 2809 98 2886 i
126 2811 195 2887 itur
207 2835 278 2915 nos
293 2811 549 2916 qualicumque
563 2835 714 2916 oportet
727 2811 814 2905 effe,
828 2813 988 2918 necplu·

6 2910 37 2992 ra'
54 2837 293 3016 veirperare,
319 2914 376 2992 vel
398 2933 590 3018 appetere,
614 2939 722 3016 quam
745 2935 893 2992 naturae
916 2925 1008 2990 no·¹

6 3021 99 3094 irae
115 3013 282 3090 conditio
299 3012 439 3119 sperare
453 3015 594 3118 patitur.
646 3015 709 3094 Ad
723 3011 987 3097 hancnostram

6 3113 146 3196 scinde
164 3113 397 3194 Academiam
415 3115 518 3219 quod
535 3117 681 3210 attinet,
709 3105 757 3194 ita
775 3115 913 3206 dudum
935 3115 987 3194 sa·

6 3211 216 3296 aientiffitni
230 3217 318 3306 viri,
342 3238 497 3322 quorum
513 3219 644 3296 iudicia
666 3219 813 3324 publice
829 3218 987 3310 exstant,

6 3315 245 3409 ensuerunt,
257 3319 349 3396 ‘eam
365 3323 461 3398 inter
473 3321 644 3398 rneiiores
658 3319 874 3400 Academias
889 3319 987 3398 Ger·
1058 3355 1065 3366 ·

6 3420 153 3502 naniae
166 3441 245 3496 non
258 3420 448 3522 postremo
462 3421 552 3498 loco
571 3419 883 3502 adnumerandum
905 3417 990 3498 esse.-

6 3527 153 3628 Quanta
173 3519 304 3622 quaeso
326 3523 465 3602 exstant
487 3525 538 3601 ob
554 3522 631 3628 ipso
653 3521 729 3603 eius‘
748 3547 833 3602 ortu
853 3520 987 3600 dorio·

6 3649 84 3704 um
129 3619 207 3697 eius
230 3619 276 3697 'in
315 3648 429 3700 omne
462 3647 577 3725 genus
608 3624 806 3704 litteramm
837 3622 1005 3704 merita?

6 3739 143 3832 [nanta
180 3719 234 3798 est
261 3721 508 3804 institutorum
539 3725 710 3806 honestas
742 3747 781 3806 et
808 3720 988 3830 griuitas?

6 3841 146 3934 putante
171 3821 298 3926 legum
313 3827 503 4006 aequitaug3
519 3825 764 3946 moderatior
783 3825 997 4011 etisziitia?
1019 3865 1026 3882 x
1049 3889 1052 3912 ,

518 3949 595 4012 sa
700 3949 703 3954 ·
891 3947 989 4008 enne
