2506 4362
80 437 85 450 ,
208 321 506 442 ''cvcrvm
526 285 599 438 ss
616 339 975 468 mucosus-Ass}
1012 296 1103 480 ¹roa'

120 567 183 642 to,
209 540 415 650 q'uinsatius
429 535 889 635 fitcuidcntiaesetmonis‚
910 567 1018 646 quam
1033 553 1097 622 vei
1186 547 1194 580 '
1242 539 1244 550 '

117 648 250 726 nustati
262 644 426 734 studere,
451 642 514 720 vbi
528 647 639 721 virtus
657 664 806 744 vtraque
819 641 1014 724 coniuoiia
1029 646 1098 725 eise

116 749 261 850 nequit
318 747 394 820 lam
414 767 504 824 veto
525 743 717 823 acerrimus
738 744 927 846 quisquam
954 744 1099 848 linguae
1207 807 1247 830 ,t

115 851 273 929 Latinae
294 867 472 948 patronus
499 865 546 923 ex
560 847 705 924 Tuom
729 867 792 924 aut
817 851 889 924 Sco
898 871 960 937 ro,
997 848 1098 950 pagi·

115 973 206 1028 nam
222 971 323 1022 mete
338 944 473 1023 Latinis
486 945 616 1024 reddat
629 945 782 1025 vocibus
791 951 808 1039 ,“
827 969 866 1026 et
878 946 965 1026 alius
979 951 1103 1050 probe·
1195 963 1199 974 '

115 1045 272 1150 quidem
279 1047 317 1124 in
332 1041 467 1124 codem
483 1044 649 1126 sermone
664 1047 837 1138 versatus,
861 1045 924 1126 sed
946 1046 1111 1154 discipli·¹

116 1172 192 1250 nae
206 1147 672 1244 vocabuianonfastidiens,
692 1149 791 1227 idem
806 1146 966 1254 suscipiat
979 1175 1099 1254 nego-
1201 1196 1208 1213 ι

115 1250 222 1326 tium.
272 1247 347 1326 Nifi
362 1249 423 1328 hic
440 1273 517 1328 rem
535 1251 647 1354 magis
661 1247 884 1354 perspicuam
902 1251 1097 1330 lectoribus

114 1349 265 1444 fecerit,
285 1375 393 1452 quam
407 1347 488 1438 illc,
513 1351 694 1428 Minerua}
708 1349 789 1428 sane
810 1375 888 1428 non
907 1351 1098 1432 mediocre
1147 1377 1151 1384 ’

113 1451 251 1530 debeo.
306 1449 580 1535 Nolimrtametr
598 1453 689 1534 hacc
705 1478 753 1530 eo
772 1453 883 1547 trahi,
920 1479 962 1532 ac
977 1453 1001 1531 sr
1014 1455 1096 1534 iilo-

110 1579 197 1635 rum
213 1553 320 1656 plane
341 1551 497 1630 studium
512 1577 743 1632 contemtum
761 1555 891 1648 velim,
922 1556 985 1658 qui
1000 1559 1097 1634 Lati·

107 1682 159 1735 na
174 1653 276 1732 veste
297 1653 536 1756 loquutiones
559 1655 860 1758 Philosophorum
881 1675 919 1734 et
940 1657 1092 1744 aliorum

109 1757 270 1839 induere
282 1776 434 1834 tentant.
455 1785 458 1792 ¹
483 1761 580 1836 Nam
598 1757 704 1835 ethis
720 1755 866 1847 eudem,
896 1783 992 1860 quae
1007 1759 1094 1851 iilis,
1129 1835 1131 1838 .

64 1927 79 1952 ,
161 1859 232 1936 ima
242 1855 416 1950 debetur,
442 1857 669 1962 quibarbatis
678 1858 930 1963 etimpropriis
940 1860 1091 1937 vocibus
1155 1853 1157 1862 '
1194 1905 1198 1910 -
1235 1918 1245 1930 .

107 1885 252 2038 iillum
268 1951 448 2044 inferunt,
471 1981 509 2037 et
526 1985 592 2038 eos
612 1983 691 2038 non
716 1960 834 2036 minus
855 1983 1007 2058 peccate
1023 1959 1092 2038 ia'm

103 2061 222 2140 ¹initio
240 2059 496 2150 animaduerti,
528 2061 646 2164 quiin
667 2059 887 2161 recipiendis
907 2061 1093 2163 quibusuia

103 2151 301 2240 'vocabulis
331 2159 454 2238 faciles
474 2159 563 2251 sunt.
623 2153 823 2240 Euoluenti
843 2156 1091 2240 recentiorum

110 2286 155 2341 et
166 2263 409 2364 antiquiorum
425 2261 540 2345 libros
549 2263 682 2365 ingens
697 2258 769 2340 sese
782 2261 887 2366 copia
898 2263 1092 2341 nominum

110 2361 224 2442 offert
237 2363 489 2455 barbarorum,
513 2364 549 2440 irs
567 2389 723 2466 quorum
737 2367 863 2444 locum
884 2365 949 2442 alia
965 2365 1091 2443 Latina
1195 2427 1198 2438 .

112 2487 193 2540 non
212 2465 333 2546 minus
356 2487 437 2570 apta
455 2461 618 2544 substitui
639 2465 793 2571 possent.
851 2465 989 2546 Nescio
1009 2465 1091 2545 sane
1137 2547 1142 2560 ,
1193 2469 1200 2482 ‘

115 2565 269 2666 quidrei
283 2563 341 2659 stt,
366 2566 468 2668 quod
482 2589 628 2644 tenaces
652 2567 749 2646 adeo
768 2568 872 2645 fimus
890 2567 1094 2646 vocabulo-

109 2687 199 2741 rum
214 2689 232 2740 a
245 2667 437 2748 maioribus
456 2691 693 2773 acceptorum
711 2721 723 2761 ,
761 2669 826 2770 qui
841 2665 864 2744 ii
881 2667 1090 2746 melioribus
1171 2693 1175 2704 ·

106 2763 277 2870 visciiicnt
289 2767 531 2870 temporibus,
558 2765 749 2846 certiffime
764 2767 1089 2846 abillisabstinuis-
1131 2861 1134 2867 ¹

105 2865 198 2946 sent.
233 2869 383 2948 »Gmeci
401 2869 502 2950 sacris
516 2870 726 2950 Christianis
749 2869 877 2946 imbuti
889 2865 969 2946 sunt
989 2869 1087 2971 prius

107 2995 217 3072 quam
234 2973 352 3050 Latini
367 2993 405 3050 et
420 2970 536 3050 diuini
556 2971 645 3050 noui
662 2965 822 3048 foederis
838 2967 919 3064 iibri
934 2969 1087 3048 Graecis

106 3070 310 3174 consignati
326 3069 408 3151 sunt
428 3073 563 3151 litteris.
620 3071 737 3152 Latini
757 3073 880 3250 itatpre
900 3069 1088 3152 aGraecis

95 3175 221 3252 'multa
235 3171 409 3252 vocabola
427 3171 646 3267 sumserimt,
668 3173 798 3274 quibus
829 3196 930 3250 actae
943 3171 984 3250 e't
1001 3171 1095 3251 roi-·
1136 3231 1153 3264 ,

55 3317 59 3328 -
95 3273 297 3374 ·giosaeres
312 3275 543 3370 denotantur.
592 3275 734 3370 Nobis,
760 3271 822 3354 etsi
843 3275 971 3365 eadem
989 3272 1083 3350 Lati-
1105 3321 1111 3334 t

101 3374 353 3479 nepoffemus'
367 3375 509 3468 dicere,
535 3375 725 3482 evestigiis
744 3398 866 3454 tamen
880 3399 1009 3452 eorum
1026 3374 1082 3451 di·

93 3472 273 3570 foedere,
298 3479 438 3558 crimen
452 3477 604 3557 videtur.
659 3477 829 3578 Apostolos
842 3475 1062 3579 appellamus
1070 3521 1111 3569 ,-
1192 3493 1197 3504 ·

96 3603 201 3684 quos
221 3579 354 3680 legatos
373 3577 570 3662 seruatoris
589 3603 704 3682 aeque
725 3573 915 3681 perspicue
927 3589 1082 3680 potera·-

93 3701 184 3760 mus
196 3702 419 3786 nuncupare.
439 3681 640 3760 Diabolum
654 3679 810 3759 dicimus
818 3701 928 3779 quem
936 3680 1081 3778 genium

89 3779 314 3882 itfirnetlem
331 3780 534 3860 commode
549 3803 683 3860 vocare
700 3803 918 3882 poteramus.
972 3777 1082 3858 Eccle-

81 3881 446 3992 fiatnfinominamum
467 3907 581 4062 quiq]
594 3882 1006 3982 Christianorumcoetum
1013 3879 1082 3996 ζα-

166 4044 172 4054 .
349 4031 351 4034 -
417 4031 418 4036 a
457 4005 461 4012 ⁴
610 4009 627 4079 3
914 4071 920 4078 ι
1000 3999 1083 4054 tmo
