2538 4368
74 415 76 422 a
213 343 262 433 ,ι
366 271 463 412 ἰιι
501 285 1015 461 sustosscnmouu

121 517 127 528 '
210 513 458 602 etvenustas,
491 537 686 618 rerumque
707 511 851 592 nouitas
874 533 914 592 et
933 493 1201 616 inopinato-in·

214 615 362 694 nentio:
391 615 450 693 Eli
465 615 593 707 etiaim
619 615 723 718 quod
739 637 915 694 certatum
933 615 1060 695 ortium
1075 635 1114 694 et
1125 613 1201 694 sci-

58 759 76 805 ·,
214 715 1145 834 entiamm,proselioribuspraetereeterosalueis,
1158 737 1204 796 et

98 859 107 887 ι
213 819 425 912 commod,
456 842 494 898 et
514 815 693 900 suasinus
707 818 841 921 aliquid
854 817 996 922 parion·
1041 817 1206 899 Discent

210 921 299 1013 hoc,
317 921 386 1024 ‘qui
399 919 570 998 nondum
585 919 665 999 satis
679 915 804 1011 sciunt,
831 942 871 998 vt
884 944 970 1023 ego,
993 917 1134 996 dudum
1153 919 1201 996 li-

187 1100 192 1110 ,
213 1045 274 1102 cet
296 1019 439 1100 aliunde
456 1021 606 1114 doclus‚
626 1021 762 1100 iterum
778 1020 911 1115 didici,
933 1045 988 1099 ¹en
1003 1019 1195 1128 praesenti,

213 1123 283 1200 viri
314 1123 511 1204 excellenti
543 1121 708 1202 dodlrina
733 1121 773 1202 et
805 1123 986 1227 ingenio,
1026 1123 1079 1204 M.
1112 1125 1196 1200 loa.

168 1311 172 1320 ι
212 1223 365 1304 Gorts.
380 1228 625 1319 Bmunumnu,
644 1223 769 1317 Libro,
783 1226 822 1304 ln
841 1250 953 1327 quem
967 1244 1194 1304 commenta·

158 1365 161 1372 ·
205 1327 299 1404 niolo
322 1323 379 1404 lua
400 1349 448 1404 ex
468 1325 570 1402 variis
595 1327 773 1404 humanae
787 1326 1005 1404 emdi'tionis
1022 1325 1199 1426 partibus,

177 1487 187 1520 ,
204 1425 515 1526 anteaseparatim
531 1427 639 1520 edita,
655 1428 842 1532 congelus,
857 1429 961 1505 omni
975 1425 1128 1528 quidem
1142 1449 1201 1504 ra·

203 1530 315 1606 tione
331 1525 490 1632 persedla
506 1550 544 1606 et
558 1530 669 1606 multa
685 1529 924 1608 meditatione
936 1551 975 1607 et
995 1552 1077 1605 cura
1092 1528 1200 1606 lima·

157 1665 164 1682 ¹
205 1649 255 1708 tn.
317 1630 425 1708 Nulla
445 1631 571 1708 harum
591 1629 873 1734 disputationum
888 1631 962 1708 triti
977 1629 1029 1708 est
1042 1653 1083 1704 ac
1097 1653 1198 1730 quo-

206 1731 338 1808 aldioni
354 1732 575 1834 argumenti=
601 1757 731 1810 omnes
747 1734 837 1812 noui
856 1730 989 1834 aliquid
1007 1754 1045 1808 et
1060 1728 1193 1808 inlofin'

204 1855 290 1910 non
314 1855 382 1936 per
403 1831 543 1912 indices
564 1832 824 1928 tantominus,
854 1849 1070 1936 quamquam
1096 1855 1137 1909 et
1156 1831 1196 1908 in

211 1934 268 2012 his
290 1935 517 2014 amoenitatis
536 1955 574 2012 et
597 1935 796 2038 elegantiae
818 1933 954 2036 uliquid
982 1959 1060 2010 non
1086 1957 1195 2010 com·

207 2035 331 2118 munia·
345 2037 409 2129 est,
438 2053 563 2114 verum
579 2037 687 2115 etiam
702 2063 759 2116 res
775 2033 1049 2140 ipsasoffetunt
1100 2035 1194 2112 Nul-

206 2137 241 2216 la
255 2137 329 2224 est,
363 2162 457 2240 quae
479 2159 605 2214 vanam
625 2159 766 2216 tantum
785 2161 823 2218 et
839 2136 1016 2216 ludicram
1031 2132 1194 2216 obledla·

134 2327 137 2337 ι
205 2239 354 2317 tionem
371 2263 611 2316 commouere
623 2239 764 2318 valeat:
795 2263 927 2318 omnes
947 2242 1144 2316 continent
1157 2262 1193 2316 ι-

207 2337 343 2442 liquid,
362 2337 469 2442 quod
489 2339 617 2444 iorem
633 2341 727 2418 suam
746 2342 811 2420 viti
825 2339 926 2420 noni
942 2363 980 2418 et
994 2341 1190 2419 litterarum

208 2437 358 2520 studiosi
381 2463 601 2520 conuertere
633 2439 790 2542 poliint:
831 2440 979 2520 vicissim
1000 2441 1096 2520 nulla
1117 2438 1187 2530 en,

208 2543 249 2624 ln
265 2567 334 2644 qua
350 2541 423 2620 sola
435 2563 567 2643 regnet
582 2543 730 2624 utilitas:
763 2569 894 2624 omnes
909 2543 1068 2622 animum
1081 2540 1190 2619 etiam

205 2641 408 2746 uoluptate
422 2643 576 2746 quadam
603 2645 762 2748 pascunt
834 2651 960 2749 Atque
983 2645 1074 2726 haee
1092 2641 1193 2724 volu·

208 2769 290 2851 ptas
303 2771 382 2824 non
399 2769 443 2822 ex
458 2744 565 2838 rebus
581 2767 723 2826 tantum
740 2745 914 2836 nascitur,
944 2745 1192 2826 verumetiam

105 2949 110 2954 ι
208 2849 409 2936 extremis,
435 2847 551 2948 puris,
572 2849 907 2952 antecedentibus‚·
924 2847 1101 2952 propriis,
1128 2844 1192 2924 lei·

205 2973 319 3031 ,enter
331 2946 427 3040 inter
439 2945 475 3028 se
488 2947 688 3054 colligetis,
703 2949 799 3030 etad
813 2947 1191 3030 Romanaevetustatis

107 3103 110 3114 .
205 3051 324 3156 ptime
339 3050 504 3154 exempla
520 3051 743 3154 compositis.
810 3051 924 3155 igitur
938 3052 1087 3130 miratus
1102 3047 1189 3142 sum,
1264 3043 1265 3071 ¹

209 3177 323 3240 ouum
337 3155 391 3232 vir
403 3151 516 3256 longe
531 3151 754 3232 donlffimus
771 3152 867 3232 libro
882 3179 949 3258 per
960 3151 999 3232 le
1014 3147 1188 3232 vendibili

210 3251 295 3335 addi
310 3253 444 3354 aliquid
459 3280 476 3330 a
493 3279 554 3332 me
568 3277 731 3358 cuperet,
745 3279 807 3358 qus
823 3281 894 3334 nec
907 3277 1096 3358 ingenium
1113 3273 1188 3330 etus
1263 3239 1264 3288 ³

208 3351 663 3536 etdodlrinamalsetwor,
695 3381 817 3434 neone
831 3357 881 3436 ita
895 3357 984 3438 mihi
999 3353 1125 3447 faueo,
1148 3371 1187 3430 vt
1262 3387 1263 3422 ι

208 3455 428 3534 :annutans
442 3457 560 3536 nonni
588 3458 611 3535 il
630 3481 668 3536 et
683 3443 875 3562 dignitatis
893 3457 1054 3536 vitorum
1071 3451 1186 3534 erudi-

208 3575 333 3635 torum
354 3557 492 3674 seriptis
520 3561 723 3664 comparari
742 3585 761 3638 a
783 3587 844 3640 me
864 3555 967 3666 posse
988 3553 1187 3640 confidam:

210 3661 265 3762 jAt
277 3657 456 3736 voluntati
471 3681 594 3740 tamen
610 3661 712 3763 eius²¹
728 3687 777 3740 ne
792 3661 898 3742 amici
912 3657 1073 3744 officium
1086 3654 1186 3740 defu-

208 3755 475 3886 diffideret,
510 3787 551 3849 tc
566 3761 663 3849 bene
678 3783 823 3868 putate,
853 3787 1059 3874 repugnate
1076 3757 1185 3846 nolui.
1260 3813 1261 3842 t

1048 3927 1069 3940 ..
1110 3863 1183 3946 co·
